2928 3733
1213 79 1554 124 ...11-

728 216 752 228 Q

384 217 463 266 Αἵ
488 212 612 282 γάρ,
647 220 752 266 Zeu
787 231 851 265 τε
882 210 1077 279 πάτερ,
1115 217 1208 264 καὶ
1239 213 1535 282 Ἀθηναίη,
1565 218 1660 266 καὶ
1683 210 1999 282 Ἀπολλονι)

181 296 356 366 aliquid
376 297 423 344 in
436 314 485 344 se
505 296 641 344 habet
657 294 806 343 divini
825 293 952 343 illius
971 295 1198 361 mysterii,
1217 294 1344 362 quod
1362 295 1418 344 de
1437 295 1522 346 deo
1540 305 1690 365 patre,
1710 295 1809 343 filio
1828 307 2078 363 sanctoque
2097 297 2265 364 spiritu
2284 314 2379 344 uno
2399 298 2589 345 numine

181 379 440 428 coniunctis
464 377 676 426 doctrina
694 375 945 423 christiana
963 376 1162 424 exhibet.
1201 377 1339 424 Hanc
1357 377 1453 424 vim
1471 377 1636 426 habuit
1659 376 1740 425 illa
1763 377 1989 444 sapientia
2013 377 2060 426 in
2087 376 2357 445 primordiis
2381 397 2538 426 rerum
2563 396 2590 426 a

181 461 268 509 deo
291 477 398 507 cum
435 457 703 507 hominibus
739 457 1098 518 communicata,
1135 469 1188 506 ut
1210 458 1457 506 obscurata
1477 457 1665 526 quidem
1688 458 1925 506 erroribus
1960 471 2006 507 et
2027 459 2291 508 fabularum
2316 458 2590 506 commentis

181 555 335 591 tamen
373 560 465 590 non
504 529 704 607 prorsus*
731 538 959 600 interiret,
996 539 1075 587 sed
1111 539 1185 588 vel
1222 540 1269 587 in
1308 539 1593 588 Graecorum
1643 538 1700 587 de
1747 558 1930 588 summo
1979 540 2064 589 deo
2111 539 2323 589 doctrina
2368 539 2583 589 eluceret.

183 625 246 672 Ut
291 624 415 672 enim
462 617 673 679 Πάλλας
715 617 934 684 Ἀθήνη
990 621 1115 669 Iovis
1161 639 1393 669 summam
1452 621 1726 689 sapientiam
1786 633 1923 688 atque
1979 623 2317 689 providentiam
2367 633 2587 688 tanquam

184 721 428 774 personam
465 700 650 749 exhibet
683 700 742 748 ab
779 701 879 768 ipso
916 702 1189 770 profectam,
1227 712 1553 770 aeternamque
1590 702 1691 750 eius
1725 703 1893 768 μῆτιν
1927 704 2179 770 significat,
2217 704 2282 751 ita
2315 698 2589 756 Ἀπόλλων

184 788 309 836 filius
347 783 465 851 patri
502 783 551 830 in
587 783 805 833 omnibus
842 783 980 833 rebus
1016 783 1309 851 obtemperat
1343 783 1533 851 eiusque
1578 783 1865 833 voluntatem
1912 785 2180 834 hominibus
2216 784 2380 852 aperit.
2455 784 2589 849 Quae

185 884 329 935 quum
368 866 432 913 ita
467 864 577 924 sint,
613 863 771 912 videre
809 865 909 912 iure
946 865 1079 913 nobis
1114 863 1331 912 videmur
1353 864 1491 912 etiam
1529 864 1654 932 apud
1691 864 1895 913 Graecos
1919 866 2098 914 cultum
2125 866 2320 913 deorum
2357 867 2414 913 ab
2451 868 2588 914 unius

182 948 255 997 dei
293 945 559 1013 cognitione
595 944 839 993 hominum
876 945 1001 994 vitiis
1037 956 1083 995 et
1118 944 1356 994 erroribus
1393 945 1616 1012 paulatim
1653 944 1902 1013 depravata
1936 945 2239 1013 emanasse2).

386 1026 521 1091 Quae
579 1025 635 1074 de
680 1026 896 1074 Minerva
940 1027 1162 1076 hactenus
1216 1027 1548 1089 disseruimus,
1597 1027 1636 1075 si
1682 1045 1792 1074 vera
1827 1040 1963 1090 sunt,
2010 1028 2135 1076 haud
2182 1029 2279 1076 seio
2324 1047 2384 1075 an
2432 1028 2589 1095 opinio

181 1106 538 1175 Naegelsbaehii
574 1107 823 1173 angustior
865 1107 920 1153 de
957 1107 1084 1155 illius
1120 1109 1231 1155 deae
1279 1119 1446 1154 natura
1489 1119 1535 1153 et
1579 1108 1655 1168 vi,
1699 1126 1838 1174 quam
1888 1110 1934 1154 in
1982 1108 2127 1155 Iliade
2169 1108 2310 1154 aliam
2357 1121 2493 1176 atque
2541 1110 2588 1155 in

184 1190 394 1258 Odyssea
430 1206 529 1237 esse
564 1188 683 1248 vult,
721 1187 828 1235 inde
864 1199 965 1235 orta
1001 1190 1078 1251 sit,
1115 1189 1241 1257 quod
1276 1207 1378 1236 eam
1416 1190 1668 1250 rationem,
1715 1207 1833 1256 quae
1879 1191 1999 1237 inter
2042 1192 2200 1238 lovem
2248 1201 2294 1237 et
2328 1190 2588 1237 Minervam

186 1269 445 1331 intercedit,
483 1287 576 1318 non
613 1270 741 1318 omni
778 1288 834 1318 ex
869 1281 999 1338 parte
1034 1270 1318 1338 exploratam
1357 1270 1531 1318 habuit.
1607 1270 1693 1317 Ille
1728 1272 1852 1318 enim
1890 1289 2031 1339 quum
2078 1290 2151 1319 res
2198 1273 2244 1318 in
2283 1271 2425 1318 Iliade
2461 1284 2506 1318 et
2542 1273 2588 1317 in

186 1352 396 1420 Odyssea
431 1362 640 1399 narratas
683 1350 783 1399 sola
817 1350 1011 1400 deorum
1048 1351 1336 1400 dissensione
1373 1352 1492 1399 inter
1526 1369 1575 1400 se
1613 1351 1801 1400 differre
1837 1365 2038 1415 censeat,
2075 1371 2195 1421 quae
2232 1354 2278 1400 in
2316 1353 2459 1401 Iliade
2497 1372 2590 1400 ma-

183 1437 324 1496 xima,
363 1434 411 1481 in
448 1432 660 1500 Odyssea
696 1433 825 1482 nulla
859 1433 936 1496 sit,
968 1433 1133 1482 'lovem
1170 1443 1217 1481 et
1250 1432 1511 1480 Minervam
1548 1433 1597 1481 in
1633 1432 1715 1481 illa
1749 1434 1937 1501 quidem
1975 1445 2161 1483 mutuas
2197 1452 2410 1483 exercere
2440 1436 2591 1482 inimi-

185 1518 345 1577 citias,
404 1515 450 1562 in
505 1515 590 1562 hac
634 1533 745 1563 vero
789 1533 977 1563 summa
1024 1514 1272 1563 concordia
1308 1513 1500 1562 consilia
1547 1515 1762 1564 conferre
1807 1517 2039 1565 existimat
2059 1514 2113 1582 ³).
2187 1517 2335 1583 Atqui
2388 1515 2498 1563 deos
2545 1516 2591 1562 in

187 1599 396 1665 Odyssea
430 1614 615 1663 quoque
651 1597 789 1643 etiam
827 1598 1010 1663 saepius
1046 1597 1169 1643 inter
1203 1615 1251 1643 se
1288 1594 1529 1643 dissentire
1564 1596 1640 1644 vel
1676 1596 1784 1644 inde
1820 1609 2039 1664 apparet,
2086 1597 2212 1664 quod
2250 1596 2436 1656 Ulixes,
2484 1596 2593 1663 quia

186 1677 525 1747 Polyphemum
572 1695 759 1725 caecum
807 1677 1095 1739 reddiderat,
1139 1677 1331 1744 eiusque
1377 1676 1487 1723 socii
1534 1675 1677 1725 boves
1733 1676 1858 1726 Solis
1917 1688 2258 1739 mactaverant,
2316 1677 2591 1745 Neptunum

185 1760 322 1808 deum
360 1760 550 1821 iratum,
587 1759 848 1807 Minervam
883 1777 996 1807 vero
1021 1759 1193 1826 ubique
1229 1758 1368 1805 habet
1391 1757 1663 1805 adiutricem
1689 1758 1993 1806 consiliorum
2019 1777 2230 1807 suorum.
2304 1760 2359 1806 In
2397 1771 2593 1826 utroque

182 1846 388 1889 carmine
424 1858 586 1888 omnes
622 1859 695 1888 res
732 1841 914 1888 divinae
948 1841 1272 1906 humanaeque
1309 1839 1478 1886 invicta
1512 1839 1594 1887 illa
1629 1838 1712 1887 fati
1741 1840 2014 1888 necessitate
2049 1852 2296 1907 reguntur,
2333 1859 2425 1907 qua
2448 1841 2594 1888 Troia

184 1922 242 1968 ad
278 1922 517 1970 interitum
556 1922 901 1988 praecipitatur.
977 1921 1113 1984 Quae
1148 1932 1302 1969 autem
1341 1921 1390 1968 in
1426 1920 1532 1968 fatis
1568 1932 1710 1968 eraut>
1737 1919 1975 1986 (Μοίρας
1998 1920 2212 1988 consilia)
2248 1922 2487 1970 Minervae
2513 1941 2593 1990 po·

186 2003 417 2052 tissimum
447 2002 627 2051 auxilio
664 2002 985 2071 perficiuntur,
1023 2019 1141 2069 quae
1177 2013 1223 2050 et
1258 2002 1306 2050 in
1344 2001 1484 2050 Iliade
1510 1999 1800 2049 Graecorum
1825 2001 2035 2069 partibus
2061 2001 2199 2064 favet,
2237 2003 2355 2050 etin
2381 2002 2594 2071 Odyssea

187 2084 310 2133 Ulixi
348 2084 549 2133 reditum
587 2085 634 2132 in
672 2084 869 2151 patriam
907 2095 1054 2151 parat.
1127 2083 1238 2133 Non
1276 2084 1423 2151 igitur
1456 2084 1502 2130 in
1526 2082 1720 2130 deorum
1747 2081 2034 2131 dissensione
2069 2083 2142 2131 vel
2179 2083 2429 2134 concordia
2465 2103 2594 2152 prae-

186 2167 323 2233 cipua
356 2184 512 2226 causa,
550 2184 635 2212 cur
670 2165 779 2212 Ilias
814 2165 872 2212 ab
909 2165 1121 2231 Odyssea
1155 2165 1403 2232 discrepet,
1430 2164 1600 2211 frustra
1634 2163 1786 2211 allatis
1823 2163 1937 2212 locis
1974 2164 2066 2212 Od.
2093 2165 2306 2226 XXIV„
2344 2165 2461 2214 472.
2489 2185 2589 2234 sqq.

186 2258 232 2294 et
265 2247 322 2295 Il.
361 2248 524 2310 XXI.,
562 2247 677 2294 385.
717 2265 818 2314 sqq.
857 2257 903 2293 et
938 2245 1170 2313 imprimis
1206 2248 1344 2308 432„
1382 2244 1643 2313 quaerenda
1678 2255 1765 2305 est,
1801 2243 1882 2292 sed
1918 2244 1966 2291 in
2003 2263 2056 2293 ea
2092 2246 2291 2307 ratione,
2328 2265 2420 2313 qua
2444 2246 2508 2295 dii
2546 2248 2592 2295 in

187 2339 383 2396 utroque
419 2328 625 2376 carmine
670 2328 765 2376 ficti
810 2338 856 2375 et
900 2326 1086 2374 formati
1136 2339 1261 2375 sunt.
1334 2327 1409 2375 Illi
1446 2327 1569 2373 enim
1614 2343 1759 2393 quum
1796 2326 1844 2372 in
1892 2326 2046 2392 priore
2090 2328 2297 2375 carmine
2343 2329 2493 2394 magis
2535 2329 2593 2376 ad

187 2408 428 2455 hominum
467 2419 681 2454 naturam
717 2420 854 2475 atque
890 2407 1095 2453 indolem
1132 2408 1410 2454 conformati
1447 2409 1565 2466 sint,
1601 2406 1773 2452 habent
1807 2406 2041 2471 quandam
2078 2407 2386 2473 cupiditatum
2433 2410 2592 2457 huma-

187 2507 352 2536 narum
389 2489 794 2550 communionem3
833 2489 880 2535 in
917 2487 1130 2554 Odyssea
1161 2507 1274 2536 vero
1309 2488 1499 2536 deorum
1538 2487 1766 2553 imagines
1801 2486 2127 2554 perfectiorem
2163 2486 2346 2538 divinae
2383 2488 2593 2539 maiesta-

187 2568 245 2615 tis
281 2570 481 2637 speciem
518 2569 742 2618 referunt.
817 2570 871 2617 ln
907 2580 1105 2635 utroque
1153 2569 1359 2617 carmine
1404 2568 1583 2635 quoties
1629 2567 1722 2616 duo
1767 2567 1840 2615 vel
1892 2567 2051 2634 plures
2096 2567 2160 2617 dii
2217 2569 2341 2618 Iovis
2387 2570 2590 2619 consiliis

188 2647 507 2712 adversantur,
545 2651 613 2697 illi
650 2651 746 2698 sere
783 2650 911 2697 fatali
947 2649 1028 2695 fati
1067 2649 1329 2696 necessitati
1365 2649 1667 2708 obnituntur,
1715 2649 1847 2695 cuius
1894 2649 2148 2715 singularis
2191 2650 2262 2697 vis
2308 2649 2448 2698 modo
2492 2652 2589 2700 Iovi

190 2729 275 2794 ipsi
312 2734 566 2799 ceterisque
603 2733 691 2780 diis
727 2736 956 2799 opposita,
994 2731 1133 2778 modo
1170 2730 1365 2778 deorum
1402 2729 1591 2778 numine
1626 2729 1911 2796 gubernata,
1952 2749 2287 2796 nonnunquam
2332 2731 2470 2779 etiam
2508 2732 2590 2779 im-

190 2810 341 2875 pedita
377 2814 625 2879 cogitatur.
698 2814 863 2881 Neque
904 2829 1015 2860 vero
1062 2811 1265 2859 dubitari
1312 2823 1486 2880 potest,
1536 2811 1649 2878 quin
1696 2810 1776 2859 illa
1818 2811 2012 2859 deorum
2061 2821 2107 2857 et
2153 2810 2235 2858 fati
2285 2814 2590 2879 repugnantia

394 3021 420 3063 ¹)
446 3020 515 3054 Cfr.
540 3022 581 3055 11.
606 3022 665 3063 IL,
689 3024 788 3063 371.;
811 3021 889 3062 VI„
914 3023 1010 3060 288.;
1043 3019 1139 3059 VII„
1168 3023 1260 3060 132.;
1294 3019 1417 3059 XVI.‚
1442 3020 1515 3057 97.;
1540 3017 1606 3052 Od-
1631 3018 1727 3057 VH..
1751 3022 1851 3059 311.;
1884 3018 2040 3058 XVIII.‚
2066 3022 2162 3059 234.;
2196 3018 2353 3058 XXIV.‚
2379 3022 2453 3053 275.
2502 3019 2590 3055 Coll.

444 3078 552 3122 Soph.
578 3079 665 3113 Oed.
690 3079 766 3114 001.
795 3082 1028 3112 1085—1092.

391 3136 421 3179 2)
448 3135 489 3170 Ο.
514 3137 660 3171 Mueller
683 3138 719 3171 in
742 3137 996 3181 ,‚Prolegom.“‚
1020 3148 1052 3180 p.
1079 3139 1156 3169 245.
1181 3146 1256 3180 sqq.

443 3194 691 3238 Naegelsbach.
715 3197 738 3230 1.
762 3196 785 3228 l.
810 3207 844 3240 p.
873 3198 946 3228 108.
971 3195 1059 3228 med.

392 3252 423 3296 ³)
448 3253 518 3287 Cssr.
551 3254 797 3298 Naegelsbach.
822 3256 845 3288 l.
878 3255 903 3288 1.
927 3266 960 3298 p.
990 3256 1062 3286 103.
1094 3254 1202 3293 med„
1228 3272 1269 3277 —
1304 3254 1361 3297 qui
1384 3258 1515 3286 secutus
1540 3253 1672 3285 videtur
1705 3262 1776 3285 esse
1810 3252 1971 3295 imprimis
1998 3253 2125 3298 Zeyssii
2150 3255 2465 3288 commentationem
2490 3256 2595 3297 „quid

448 3313 616 3346 Homerus
641 3319 704 3346 cet.
728 3325 761 3356 p.
786 3316 840 3345 34.
868 3331 909 3336 -——

2330 3370 2358 3413 2
