2928 3733
1263 77 1569 123 -5-

415 217 598 264 Auctor
631 214 772 262 huius
804 212 977 279 scripti
1003 223 1052 265 et
1084 212 1310 280 temporis
1328 223 1392 261 ct
1426 212 1513 266 loci
1551 212 1610 262 ad
1645 211 1942 265 scribendum
1990 213 2083 261 dati
2131 214 2371 280 angustiis
2409 215 2615 264 inclusus

210 316 302 345 non
340 296 428 344 hoc
464 295 551 344 sibi
589 293 750 353 sumit,
788 303 840 341 ut
875 310 992 354 mm,
1028 311 1168 359 quam
1206 292 1490 342 tractandam
1523 293 1615 343 sihi
1663 293 1930 360 proposuit,
1975 293 2161 361 plenam
2197 304 2245 343 et
2291 294 2521 361 integram
2567 313 2615 344 se

208 378 480 444 explanasse
503 374 678 431 credet,
703 383 860 439 sperat
881 384 1036 422 tamen
1073 392 1122 422 se
1144 372 1349 440 aliquam
1375 373 1598 423 obscurae
1633 384 1680 422 et
1703 371 1877 422 difficili
1903 374 2161 441 quaestioni
2197 373 2351 429 lucem
2383 375 2613 429 attulisse.

411 454 625 515 Πάλλας
653 451 888 518 Ἀθήνη,
921 453 1107 520 qualem
1144 455 1382 504 Homerus
1418 454 1568 516 finxit,
1605 453 1849 504 hominum
1886 453 2129 503 doctorum
2165 454 2322 504 studia
2345 455 2410 504 ita
2433 470 2617 525 semper

207 539 424 599 advertit,
463 549 515 591 ut
548 535 882 583 subtilissimae
916 535 975 582 de
1011 554 1063 583 en
1099 535 1393 601 quaestiones
1430 536 1668 584 institutae
1703 535 1811 582 sint.
1887 534 2102 597 Quarum
2139 536 2225 584 etsi
2262 554 2317 584 ea
2363 548 2433 585 est
2478 538 2613 597 ratio,

208 632 260 668 ut
283 620 514 668 recentior
547 628 681 665 aetas:
711 615 860 664 multa
895 616 1066 665 rectius
1089 627 1137 665 et
1169 616 1327 664 verius
1350 634 1487 684 quam
1515 616 1667 684 prisca
1701 627 1911 683 tempora
1935 613 2121 677 viderit,
2148 627 2302 665 tamen
2325 616 2448 667 haud
2471 633 2614 685 pauca

206 710 459 768 supersunt
491 707 573 745 aut
607 696 787 745 idoneis
822 697 1115 763 argumentis
1158 698 1475 746 confirmanda
1516 710 1601 746 aut
1633 697 1908 748 illustranda
1942 698 2142 765 plenius.
2217 699 2273 746 C.
2315 699 2377 745 0.
2414 699 2616 747 Mueller

204 781 391 848 quidem
407 780 443 840 ¹)
483 778 672 825 Pallade
711 779 879 826 mentis
915 778 1145 825 humanae
1182 779 1474 844 prudentiam
1511 780 1569 827 ad
1604 779 1727 826 vitae
1764 798 1874 827 usus
1910 790 2196 846 spectantem
2245 791 2404 828 censet
2440 779 2615 844 signifi·

204 861 328 923 cari3
367 870 582 907 naturam
620 869 775 909 autem
813 859 941 907 illius
977 858 1087 906 deae
1124 859 1203 926 qui
1243 859 1511 926 diligentius
1545 860 1898 921 examinaverit,
1937 861 1975 908 is
2013 858 2267 927 intelliget,
2317 871 2386 908 tot
2433 872 2615 927 tamque

203 942 356 989 varias
393 940 450 987 ab
486 940 698 987 Homero
734 940 976 989 Minervae
1012 941 1153 989 trihui
1189 940 1411 1000 virtutes,
1456 953 1506 989 ut
1552 942 1598 989 in
1645 958 1697 988 ea
1734 958 1913 988 summa
1952 941 2130 1006 ingenii
2166 941 2358 990 humani
2405 942 2475 988 vis
2520 942 2616 989 elu-

202 1023 323 1070 xisse
358 1020 586 1069 videatur.

411 1103 514 1149 Est*
543 1114 698 1150 autem
747 1101 834 1149 hoc
889 1102 1092 1170 primum
1137 1102 1378 1150 Minervae
1427 1104 1693 1171 proprium,
1751 1113 1800 1150 ut
1853 1120 1908 1150 ex
1954 1103 2099 1169 ipsius
2154 1104 2280 1152 lovis
2323 1105 2470 1171 capite
2515 1105 2613 1153 sine

205 1198 353 1232 matre
391 1195 498 1230 nata
532 1185 595 1230 sit
628 1181 898 1249 (ἀμήτωρ,
934 1182 1361 1249 ὀβριμοπάτρη),
1398 1204 1488 1249 qua
1533 1204 1583 1233 re
1619 1184 1857 1249 singulare
1902 1184 2135 1250 quoddam
2174 1185 2240 1234 illi
2277 1185 2389 1235 deae
2421 1186 2612 1252 virgini-

205 1267 312 1316 tatis
335 1277 382 1314 et
407 1263 662 1313 maiestatis
687 1263 828 1313 decus
854 1263 1102 1330 additui-²).
1156 1264 1314 1328 Quam
1339 1283 1481 1332 quum
1509 1265 1691 1333 Iupiter
1707 1283 1764 1312 ex
1782 1263 1908 1312 claro
1927 1265 2128 1314 aetheris
2154 1264 2255 1313 luce
2280 1266 2609 1334 procreaverit,

207 1347 377 1415 poterit
411 1345 618 1412 physica,
643 1360 773 1411 quae
809 1345 997 1407 dicitur,
1034 1347 1153 1395 ratio
1185 1347 1251 1395 ita
1284 1345 1531 1413 explicari,
1582 1358 1634 1394 ut
1668 1346 1882 1394 Minerva
1928 1346 2078 1396 lucem
2115 1357 2162 1394 et
2195 1364 2329 1407 aera,
2364 1362 2530 1414 aquam
2568 1359 2614 1395 et

207 1430 428 1486 calorem,
466 1445 629 1474 omnes
666 1426 865 1492 denique
901 1446 993 1487 res,
1029 1427 1200 1492 quihus
1235 1427 1331 1476 vita
1366 1425 1562 1475 efficitur
1596 1437 1643 1475 et
1666 1437 1970 1487 sustentatur,
2008 1427 2169 1476 credas
2205 1426 2476 1493 significari.
2552 1428 2613 1475 Ut

204 1524 358 1556 autem
397 1510 527 1555 varia
562 1506 643 1555 illa
679 1521 871 1556 naturae
907 1508 952 1555 vi
988 1508 1084 1556 vita
1120 1529 1211 1556 non
1250 1505 1389 1556 modo
1425 1517 1743 1567 conservatur,
1780 1505 1861 1556 sed
1898 1507 2035 1557 etiam
2072 1507 2382 1575 extinguitur,
2419 1508 2483 1558 ita
2519 1508 2610 1557 iam

205 1593 328 1660 apud
365 1593 628 1637 Homerum
663 1586 878 1654 Ἀθήνη
915 1589 1078 1655 aegide
1114 1603 1252 1657 atque
1290 1589 1482 1637 fulmine
1519 1607 1613 1636 non
1661 1589 1818 1636 minus
1865 1608 2003 1655 quam
2049 1602 2180 1656 pater
2224 1590 2431 1657 praedita
2477 1588 2608 1654 est3).

207 1675 350 1720 Poeta
387 1672 574 1739 quidem
611 1672 832 1738 quoniam
871 1690 962 1718 non
1000 1672 1293 1738 quaestiones
1330 1670 1560 1718 naturales
1596 1670 1817 1730 instituit,
1855 1670 1935 1718 sed
1971 1691 2044 1719 res
2078 1692 2106 1719 a
2140 1671 2230 1720 diis
2254 1671 2612 1739 hominibusque

204 1767 359 1821 gestas
396 1754 621 1821 depinxit,
658 1753 848 1820 physica
883 1753 981 1813 illa,
1018 1771 1158 1820 quam
1195 1752 1414 1813 diximus,
1449 1752 1690 1799 Minervae
1727 1751 1906 1800 ratione
1943 1752 2170 1819 neglecta,
2207 1752 2340 1803 deam
2377 1767 2458 1803 aut
2491 1754 2612 1803 bell·

204 1847 443 1902 gerentem
481 1846 563 1883 aut
597 1835 865 1882 hominibus
902 1834 1267 1901 patrocinantem
1304 1833 1450 1881 finxit.
1522 1833 1731 1900 Utraque
1766 1833 1836 1880 vis
1881 1833 1926 1880 in
1976 1834 2301 1901 antiquissimu
2335 1836 2513 1883 ratione
2550 1837 2611 1883 ita

204 1918 451 1965 coniuncta
487 1928 603 1978 erat,
641 1928 693 1964 ut
727 1917 941 1964 Minerva
975 1929 1096 1964 esset
1132 1917 1231 1984 ipsa
1267 1915 1391 1964 lovis
1426 1914 1582 1982 divina
1627 1933 1787 1976 mens,
1831 1912 2027 1981 Μῆτις
2056 1915 2137 1964 illa
2180 1915 2305 1964 lovis
2347 1929 2394 1964 et
2438 1918 2605 1965 coniux

205 2011 251 2046 et
285 1998 399 2058 filia,
437 1998 494 2046 ab
529 1997 693 2046 eodem
731 2016 852 2046 novo
878 2010 1013 2064 partu
1046 1998 1178 2064 quasi
1215 1994 1512 2064 procreata4).
1586 1997 1659 2044 lta
1693 1996 1763 2057 fit,
1802 2007 1852 2042 ut
1887 1997 2011 2064 apud
2035 1998 2298 2046 Homerum
2325 2016 2416 2045 non
2454 2000 2609 2047 minus

204 2079 511 2127 subtilissimo
549 2078 725 2144 ingenii
761 2079 975 2127 acumine
1011 2089 1058 2125 et
1080 2078 1323 2144 sapientia,
1361 2095 1497 2144 quam
1522 2077 1700 2124 viribus
1734 2076 1793 2124 ad
1828 2077 2062 2142 agendum
2095 2078 2310 2127 maximis
2334 2097 2610 2148 summaque

205 2160 449 2209 sedulitate
496 2171 542 2208 et
589 2159 817 2207 industria
861 2159 1054 2207 excellat
1074 2156 1127 2225 5).
1202 2159 1364 2226 ltaque
1408 2176 1547 2225 opera
1592 2157 1837 2207 hominum
1882 2159 1929 2206 in
1975 2159 2102 2207 omni
2148 2156 2222 2205 vel
2268 2171 2487 2224 quaestus
2535 2161 2607 2207 vel

204 2244 316 2290 artis
353 2260 524 2309 genere
560 2241 787 2302 sublevat,
824 2242 937 2289 viris
974 2260 1048 2289 res
1083 2260 1278 2307 magnas
1313 2253 1360 2289 et
1383 2239 1549 2288 arduas
1572 2239 1872 2288 molientibus
1897 2239 2170 2306 opitulatur,
2207 2240 2390 2298 animos
2426 2259 2606 2302 eorum,

201 2325 284 2389 qui
321 2343 425 2371 cum
462 2323 657 2371 adversa
694 2322 882 2371 Fortuna
915 2322 1263 2382 conflictantur,
1297 2321 1539 2370 confirmat
1573 2332 1619 2368 et
1653 2332 1814 2387 auget⁷
1848 2339 1927 2368 eos
1963 2320 2182 2388 denique,
2219 2338 2419 2389 quorum
2456 2335 2607 2391 patro-

204 2403 380 2453 cinium
415 2404 636 2471 suscepit,
673 2423 729 2453 ex
764 2403 982 2471 periculis
1018 2403 1236 2453 omnibus
1272 2414 1318 2452 et
1364 2402 1506 2471 ipsius
1541 2402 1662 2449 vitae
1697 2401 1967 2450 discrimine
2002 2401 2157 2469 eripit.
2230 2403 2362 2451 Talis
2395 2405 2607 2453 Minerva

205 2500 298 2531 non
335 2484 487 2532 solum
523 2485 583 2532 ab
617 2486 829 2532 Homero
864 2485 1078 2550 fingitur,
1115 2484 1195 2532 sed
1230 2485 1370 2532 etiam
1408 2485 1453 2530 in
1489 2483 1692 2549 antiquis
1728 2482 1972 2542 Palladiis,
2008 2483 2056 2529 in
2092 2485 2262 2549 quibus
2299 2485 2395 2531 fere
2430 2498 2606 2532 amata

201 2563 390 2625 assidet,
426 2565 522 2613 vim
559 2575 640 2612 aut
676 2564 798 2612 hosti
835 2564 1064 2625 inferens,
1112 2575 1194 2611 aut
1235 2581 1262 2610 a
1308 2580 1358 2611 se
1392 2562 1732 2630 propulsans⁶),
1769 2562 1968 2629 denique
2011 2563 2116 2610 aliis
2159 2565 2272 2610 artis
2318 2566 2603 2631 perfectioris

203 2646 518 2694 monumentis
550 2662 767 2712 expressa
789 2645 1092 2712 conspicitur.
1143 2645 1274 2692 Haec
1306 2645 1450 2711 igitur
1471 2660 1616 2710 quum
1642 2643 1688 2690 in
1714 2654 1959 2710 poetarum
1983 2655 2030 2691 et
2052 2644 2284 2694 artificum
2308 2645 2476 2693 animis
2499 2663 2603 2693 con·

202 2734 328 2771 stans
352 2726 593 2775 Minervae
618 2727 747 2775 notio
771 2727 1000 2786 haereret,
1029 2738 1390 2774 consentaneum
1419 2736 1488 2773 est
1515 2723 1709 2772 eandem
1735 2725 1834 2791 ipso
1864 2724 1975 2772 deae
2002 2726 2190 2773 nomine
2213 2744 2312 2774 esse
2338 2726 2598 2774 iudicatam.

409 2898 434 2939 ¹)
460 2899 500 2932 In
524 2899 797 2942 Encyolopaedia
821 2899 953 2932 Erschii
976 2903 1009 2931 et
1033 2898 1176 2932 Gruberi
1201 2898 1243 2931 T.
1270 2897 1314 2930 X.
1345 2901 1416 2930 112.
1441 2897 1469 2937 ξ.
1497 2900 1550 2928 61.
1577 2907 1646 2939 seq.

405 2955 435 2998 ²)
460 2956 530 2990 Cfr.
556 2957 703 2991 Schiller
725 2958 759 2990 in
782 2958 931 3001 viragine
954 2957 1210 2990 Aurelianensi:

743 3015 867 3056 „Denn
889 3016 964 3049 eine
985 3015 1079 3049 rei-o
1100 3014 1271 3058 Jungfi-au
1292 3016 1474 3058 vollbringt
1491 3014 1661 3057 jedweaes
1685 3015 1863 3050 Hmucbe
1886 3014 1945 3048 aa!
1965 3015 2089 3055 Endon,

743 3073 857 3107 Wenn
878 3074 928 3108 sie
950 3075 1010 3107 der
1030 3071 1200 3107 ird'schen
1222 3073 1329 3108 Iaiebe
1352 3073 1577 3107 winemunt-‘⁶

403 3129 437 3173 ³)
459 3129 539 3164 vid.
564 3131 664 3167 Iliad.
688 3131 734 3165 V.
761 3133 950 3165 7³3—747.
997 3131 1044 3164 IL
1069 3131 1260 3164 447—452.

403 3186 434 3229 ⁴)
459 3187 540 3220 Hes.
565 3190 698 3233 Theog.
724 3193 914 3222 886—890.
938 3190 1102 3232 Aponod.
1128 3190 1168 3228 L,
1192 3193 1239 3229 3.,
1265 3194 1296 3221 6.

404 3245 434 3287 ³)
458 3246 499 3278 11.
524 3246 582 3286 V„
608 3251 661 3280 61.
710 3248 775 3282 Od.
800 3249 877 3288 V1.‚
902 3251 978 3281 232.

403 3302 435 3345 ⁶)
459 3302 498 3337 C.
522 3303 565 3337 Ο.
592 3305 736 3340 Mueller
757 3307 806 3340 in:
831 3305 1016 3347 „Archoot
1042 3307 1074 3339 d.
1101 3306 1247 3341 Bimae·
1294 3318 1327 3351 p.
1353 3310 1428 3339 558.
1477 3305 1542 3340 No.
1567 3310 1645 3339 ³68.

2333 3363 2348 3403 ¹
2369 3362 2390 3384 e
