2928 3733
246 698 362 794 De
421 690 811 801 Minerva,
871 691 1180 810 qualem
1209 690 1620 788 Homerus
1680 687 2019 801 finxerit,
2079 687 2521 788 disseritur.

395 1156 577 1234 Quum
615 1181 687 1227 dei
725 1199 812 1248 ope
848 1192 895 1228 et
929 1180 1100 1228 auxilio
1149 1180 1296 1227 multo
1334 1180 1481 1245 magis
1515 1197 1657 1246 quam
1694 1179 1935 1226 hominum
1975 1179 2151 1226 ratione
2199 1190 2246 1225 et
2290 1179 2484 1226 consilio
2522 1196 2593 1226 res

190 1265 417 1311 humanas
453 1260 705 1327 gubernari
744 1262 830 1327 ipsi
867 1272 1046 1308 veteres
1070 1261 1317 1320 senserint,
1354 1271 1452 1307 tum
1487 1278 1599 1307 vero
1624 1260 1994 1326 sapientissimus
2021 1260 2218 1326 quisque
2243 1258 2432 1306 illorum
2471 1271 2590 1306 recte

191 1343 431 1402 iudicavit,
467 1340 694 1407 quidquid
720 1341 900 1389 honesti
937 1353 984 1388 et
1016 1341 1115 1388 veri
1141 1341 1382 1405 ingenium
1408 1341 1662 1388 humanum
1688 1339 1876 1387 assiduo
1901 1340 2054 1387 studio
2079 1350 2126 1387 et
2150 1339 2306 1387 labore
2330 1351 2591 1387 assecutum

189 1426 267 1485 sit,
307 1423 352 1471 id
390 1440 529 1470 omne
565 1420 623 1468 ad
659 1420 798 1469 deum
834 1433 1070 1474 auctore-m
1096 1439 1198 1468 esse
1222 1420 1531 1468 referendum.
1605 1421 1749 1468 Aetas
1786 1421 2031 1481 recentior,
2069 1432 2122 1468 ut
2157 1421 2204 1467 in
2230 1420 2400 1468 divinis
2436 1420 2597 1468 buma-

192 1505 354 1571 nisque
392 1502 531 1550 rebus
568 1501 903 1568 cognoscendis
940 1501 1138 1550 multum
1178 1500 1397 1568 profecit,
1435 1502 1496 1550 ita
1530 1501 1797 1550 societatem
1834 1501 2020 1568 generis
2055 1501 2247 1550 humani
2283 1500 2380 1550 sola
2428 1501 2594 1569 pietate

189 1603 301 1652 erga
360 1584 496 1632 deum
543 1583 771 1632 contineri
820 1583 906 1631 sibi
956 1582 1199 1650 persuasit.
1273 1583 1423 1631 Acute
1459 1583 1604 1649 igitur
1640 1582 1855 1650 princeps
1902 1582 1979 1631 ille
2017 1578 2197 1649 ingenii
2229 1580 2409 1631 Goetbe
2458 1583 2503 1630 in
2542 1603 2596 1631 eo

192 1667 329 1723 libro,
367 1666 445 1733 qui
485 1665 638 1713 Divan
653 1664 693 1722 Ἴ
742 1665 992 1731 inscriptus
1035 1674 1127 1711 est:
1177 1663 1298 1724 „das
1345 1663 1646 1729 eigentliche,
1694 1663 1875 1730 einzige
1933 1663 2029 1711 und
2075 1663 2227 1712 tiefste
2281 1663 2463 1712 Thema
2518 1663 2600 1712 der

189 1746 350 1794 Welt-
388 1746 483 1794 und
518 1745 1060 1812 Menschengeschicbte,
1098 1744 1202 1793 dem
1240 1743 1330 1792 alle
1366 1743 1559 1810 librigen
1597 1746 1963 1812 untergeordnet
1998 1744 2129 1807 sind,
2175 1746 2322 1796 bleibt
2356 1746 2439 1795 der
2474 1747 2597 1795 Con-

192 1827 291 1875 ssict
326 1826 406 1875 des
444 1827 748 1894 Unglaubens
787 1827 880 1875 und
918 1826 1172 1875 Glaubens.
1246 1825 1355 1873 Alle
1389 1826 1637 1892 Epochen,
1676 1827 1724 1874 in
1770 1827 1978 1876 welchen
2025 1827 2108 1876 der
2143 1827 2324 1877 Glaube
2369 1828 2597 1889 berrscht,

194 1921 329 1958 unter
364 1908 566 1957 wclcher
602 1908 784 1957 Gestalt
819 1928 871 1956 er
905 1908 1022 1956 auch
1059 1907 1225 1967 wolle,
1262 1906 1367 1955 sind
1402 1906 1656 1971 glfinzend,
1703 1908 2046 1957 herzerhebend
2094 1909 2187 1956 und
2236 1908 2476 1956 fruebtbar
2524 1910 2599 1957 fur

190 1989 391 2037 Mitwelt
427 1989 522 2036 und
558 1990 818 2037 Nachwelt.
892 1989 999 2036 Alle
1038 1989 1259 2055 Epochen
1296 1987 1520 2054 dagegen,
1558 1989 1604 2035 in
1642 1989 1849 2037 welchen
1888 1990 1971 2036 der
2005 1990 2270 2055 Unglaube‚
2316 1991 2361 2036 in
2399 1991 2600 2038 welcher

192 2070 332 2118 Form
371 2090 419 2119 es
456 2070 572 2119 auch
599 2071 684 2132 sei,
721 2071 855 2119 einen
882 2070 1249 2119 kummerliehen
1275 2070 1389 2136 Sieg
1422 2070 1686 2138 bebauptet,
1710 2070 1806 2118 und
1828 2089 1964 2118 wenn
1990 2072 2055 2118 sie
2091 2071 2211 2119 auch
2232 2071 2366 2141 einen
2404 2073 2595 2138 Augen-

193 2153 312 2199 blick
373 2153 459 2199 mit
515 2154 664 2199 einem
724 2152 1063 2218 Scheinglanze
1120 2152 1312 2219 prahlen
1369 2152 1562 2212 sollteu,
1624 2151 1973 2199 verschwinden
2029 2171 2114 2199 vor
2167 2153 2252 2200 der
2297 2153 2596 2201 Nachwelt.“

194 2235 256 2282 Ut
310 2246 464 2281 autem
527 2234 605 2281 ille
660 2235 776 2282 bene
822 2234 941 2281 vidit
996 2234 1054 2280 ad
1109 2253 1267 2281 rerum
1325 2234 1695 2301 populorumque
1751 2235 2023 2282 memoriam
2080 2235 2265 2301 penitus
2321 2253 2599 2301 cognoscen-

193 2315 298 2362 dam
347 2316 419 2364 dei
469 2316 736 2381 cognitione
783 2315 907 2382 quod
956 2316 1060 2382 plus
1105 2315 1257 2363 valeat
1304 2315 1418 2361 nihil
1465 2332 1597 2381 posse
1642 2315 1865 2380 cogitari:
1917 2316 1980 2362 ita
2016 2316 2095 2382 qui
2143 2333 2267 2362 nunc
2304 2316 2351 2363 in
2398 2318 2598 2384 antiquis

196 2396 361 2443 litteris
398 2409 645 2444 versantur
679 2395 950 2455 tractandis,
987 2407 1116 2443 tanto
1140 2395 1246 2463 plus
1283 2415 1332 2444 se
1356 2396 1602 2463 profecisse
1637 2394 1848 2455 credunt,
1886 2408 2060 2461 quanto
2086 2396 2358 2462 diligentius
2392 2396 2599 2446 veterum

196 2494 288 2522 non
326 2476 465 2523 modo
502 2476 558 2524 de
595 2477 830 2537 humanis,
867 2475 947 2524 sed
984 2476 1122 2524 etiam
1160 2475 1216 2523 de
1252 2475 1422 2523 divinis
1457 2476 1593 2523 rebus
1617 2477 1859 2543 opiniones
1883 2478 2218 2543 perspexerint.
2291 2478 2456 2544 Neque
2493 2498 2600 2526 vero

196 2554 241 2600 in
286 2558 696 2621 praestantissimis
751 2568 992 2623 poetarum
1040 2556 1327 2605 Graecorum
1364 2556 1645 2603 carminibus
1668 2619 1671 2622 Α
1693 2556 1975 2623 explicandis
2022 2559 2267 2626 qnisquam
2314 2558 2451 2606 bodie
2497 2578 2599 2607 cum

197 2634 332 2684 laude
367 2638 655 2699 versabitur,
692 2638 772 2704 qui
812 2656 902 2685 non
940 2637 1061 2686 idem
1099 2638 1155 2685 ad
1193 2637 1381 2685 illorum
1418 2637 1472 2685 de
1507 2635 1596 2685 diis
1639 2638 1880 2704 opiniones
1916 2639 2050 2704 quasi
2087 2639 2143 2686 ad
2181 2640 2413 2687 sincerum
2451 2643 2600 2689 omnis

197 2714 433 2766 doctrinae
471 2732 516 2767 et
552 2719 803 2787 sapientiae
843 2720 1016 2767 fontem
1053 2718 1358 2766 descenderit.
1432 2718 1621 2767 Graecis
1666 2718 1788 2766 enim
1836 2738 1981 2786 quum
2042 2720 2126 2767 hoc
2174 2720 2397 2769 divinitus
2443 2722 2598 2770 datum

196 2808 317 2844 esset
353 2802 612 2865 negotium,
650 2813 703 2848 ut
736 2819 898 2847 omnes
936 2799 1213 2847 liberalioris
1249 2799 1521 2847 eruditionis
1558 2812 1711 2866 partes
1747 2818 1932 2848 summo
1969 2802 2144 2867 ingenii
2181 2803 2395 2850 acumine
2431 2804 2600 2850 et'sin-

196 2877 349 2941 gulari
387 2879 630 2947 diligentia
666 2893 1080 2949 persequerentur,
1118 2894 1217 2928 tum
1254 2882 1392 2928 etiam
1431 2881 1603 2948 priscas
1640 2880 1833 2928 deorum
1874 2884 2085 2930 notiones
2122 2884 2261 2950 primi
2299 2896 2505 2932 veterum
2543 2885 2598 2932 ad

197 2969 345 3006 certas
382 2959 508 3025 leges
544 2980 762 3010 revocare
798 2974 844 3009 et
880 2962 1058 3010 idoneis
1094 2963 1208 3009 artis
1245 2962 1407 3010 formis
1443 2963 1700 3029 exprimere
1746 2963 2040 3011 studuerunt.
2115 2964 2171 3011 ln
2207 2982 2300 3031 qua
2335 2984 2384 3012 re
2420 2968 2600 3014 tametsi

196 3056 224 3083 a
261 3037 455 3086 rudibus
501 3043 696 3107 profecti
742 3055 852 3091 sunt
898 3044 1071 3104 initiis,
1121 3054 1275 3090 tamen
1322 3043 1489 3090 eximia
1536 3043 1834 3108 ingeniorum
1873 3044 2089 3091 felicitate
2136 3044 2282 3093 adiuti
2329 3047 2604 3113 procedente

197 3130 405 3186 tempore
451 3132 604 3169 tantos
649 3141 925 3190 progressus
971 3124 1206 3184 fecerunt,
1264 3134 1315 3170 ut
1361 3124 1405 3170 in
1451 3123 1648 3170 Homeri
1696 3123 1978 3171 carminibus
2017 3123 2303 3173 Graecorum
2356 3126 2418 3173 dii
2472 3127 2603 3187 tales,

401 3292 435 3333 ⁸)
461 3291 529 3325 Cfr.
556 3292 646 3326 Tom
672 3294 747 3335 1v.‚
773 3296 856 3338 Pag.
883 3298 958 3327 264.

2335 3355 2351 3396 l
