2928 3733
1217 64 1556 113 -13-

178 203 210 271 ἢ
244 203 338 257 ὅτι
364 197 680 260 Πάλλανταῇ
715 197 828 254 ἕνα
872 200 991 252 wir
1025 197 1300 267 γιγάντων
1334 198 1667 259 ἀπέκτεινεν·
1715 197 1749 267 ἢ
1790 198 1940 267 παρά
1989 197 2056 252 τό
2104 198 2190 251 ἀεὶ
2231 195 2455 251 πάλλειν
2496 206 2587 251 καὶ

176 279 489 354 »pedamen
520 281 591 337 ,τό
624 276 786 352 δόρυ·
824 279 1086 349 πολεμική
1119 279 1225 348 γάρ
1261 279 1292 348 ἡ
1328 279 1489 345 θεός·
1505 277 1557 349 ἢ
1592 276 1683 334 διά
1731 277 1801 333 τό
1835 282 2181 349 παλλομένην
2213 278 2324 348 τῆν’
2352 275 2587 349 καρδίαν

178 368 282 419 τοῦ
317 363 594 418 Διονύσου
626 369 992 431 προςκομίσαι
1023 365 1101 430 τῷ
1133 363 1237 416 Διΐ.
1305 361 1383 410 ΑΙ)
1417 363 1489 411 his
1524 365 1624 412 fere
1658 364 1875 411 omnibus
1911 366 2160 433 praecipua
2193 364 2265 411 vis
2309 364 2413 409 voci
2447 360 2587 415 nda-

176 450 290 499 λειν
324 440 563 507 tribuitur,
599 445 680 495 sed
716 445 781 492 ita
814 444 1054 506 tribuitur,
1092 456 1145 493 ut
1175 445 1372 493 verbum
1408 444 1466 491 ad
1500 445 1653 492 varias
1689 462 1763 492 res
1798 444 2042 493 referatur.
2116 446 2181 492 Et
2215 445 2585 512 prima‘qnidem

179 524 463 593 etymologia
495 527 555 574 ab
591 525 840 574 scholiasta
873 525 1013 574 allata
1048 527 1148 574 etsi‘
1171 524 1296 574 haud
1333 524 1532 573 multum
1568 526 1628 573 ab
1664 543 1743 587 ea,
1780 543 1919 592 quam
1957 544 2096 594 supra
2142 543 2199 573 ex
2242 542 2355 572 voce
2403 523 2584 592 ἀθήλη

177 607 319 674 repeti
358 624 493 674 posse
527 606 966 668 demonstravimus,
1003 607 1251 673 discrepet,
1289 617 1443 654 tamen
1477 618 1525 654 et
1558 605 1811 654 artificiosa
1846 617 1983 673 atque
2008 607 2218 674 quaesita
2240 617 2329 666 est,
2367 622 2451 652 nee
2473 624 2581 654 cum

175 698 386 736 veterum
423 687 495 736 de·
515 687 673 736 divino
708 689 906 755 virginis
942 699 1047 735 ortu
1084 688 1304 754 opinione
1340 688 1571 753 congruit.
1645 686 1835 734 Etenim
1881 688 1993 735 artis
2040 697 2345 734 monumenta
2391 687 2429 733 si
2476 705 2583 734 con-

174 767 399 828 sulimus,
447 768 616 835 quibus
634 786 725 816 „res
769 769 1065 836 depingitur,
1114 768 1164 813 in
1209 779 1429 834 promptu
1474 779 1544 816 est
1590 778 1796 834 pateram
1843 767 2091 815 rotundam
2139 768 2396 833 inspicere,
2443 786 2583 835 quam

173 847 329 896 Miuin
366 847 474 897 Gal.
514 849 660 915 myth.
698 849 984 910 XXXV11.,
1024 849 1137 896 126.
1177 848 1377 896 exhibet.
1451 849 1520 896 lbi
1564 848 1744 915 Iupiter
1778 848 2063 914 conspicitur
2096 848 2145 894 in
2192 847 2301 895 sede
2350 848 2479 914 regia
2514 868 2582 896 se-

173 927 287 978 dens
339 927 541 978 nubibus
585 927 848 996 Olympicis
896 929 1101 997 undique
1144 928 1400 978 involutus.
1471 929 1621 978 Adest
1666 946 1694 976 a
1739 928 1897 976 dextra
1941 930 2096 976 Diana
2139 930 2269 997 operi
2315 929 2581 978 obstetricio

174 1008 298 1060 haud
332 1009 432 1059 sine
454 1009 625 1059 labore
661 1010 856 1072 intenta,
893 1027 1009 1078 quae
1045 1009 1270 1060 ambabus
1308 1010 1519 1060 manibus
1556 1027 1743 1060 sursum
1781 1011 1945 1058 erectis
1977 1009 2215 1057 Palladem
2239 1012 2391 1078 galea,
2430 1013 2577 1073 hasta,

172 1090 334 1156 aegide
382 1091 656 1140 instructam
704 1109 729 1139 e
768 1092 921 1158 capite
978 1092 1104 1141 lovis
1149 1090 1320 1140 educit.
1394 1090 1528 1140 Iuvat
1582 1090 1717 1140 deam
1761 1108 1789 1138 a
1831 1092 2019 1139 sinistra
2054 1092 2248 1153 Venus,
2294 1110 2411 1160 quae
2447 1111 2581 1162 supe-

178 1172 348 1221 riorem
386 1173 565 1238 paterni
609 1172 818 1239 corporis
854 1183 1031 1239 partem
1068 1171 1293 1221 ambabus
1329 1171 1543 1220 manibus
1577 1172 1877 1240 amplectitur
1910 1182 1956 1219 et
1978 1188 2105 1238 genu
2130 1172 2375 1240 paululum
2412 1175 2581 1222 inflexo

175 1252 363 1303 intentis
399 1252 577 1302 viribus
611 1253 856 1313 annititur,
893 1264 946 1302 ut
981 1251 1134 1301 Pallas
1171 1252 1219 1299 in
1255 1251 1408 1299 lucem
1442 1252 1621 1300 edatur.
1696 1251 1843 1300 Adest
1866 1252 2037 1300 ibidem
2062 1253 2308 1300 Vulcanus
2343 1255 2577 1303 sinistram

175 1333 323 1382 oculis
341 1334 474 1401 quasi
492 1333 650 1383 divino
670 1333 915 1402 splendore
933 1333 1217 1402 praestrictis
1236 1332 1507 1396 obtendens,
1528 1333 1692 1381 dextra
1709 1333 1910 1380 securim
1929 1332 2162 1380 attollens.
2203 1333 2430 1384 Crederes
2443 1336 2579 1385 deum

174 1416 514 1481 exspectatione
538 1434 834 1483 suspensum,
859 1415 971 1464 dum
990 1414 1145 1463 Pallas
1171 1415 1356 1481 integra
1379 1426 1662 1476 nasceretur,
1683 1425 1906 1482 spectare.
1947 1415 2051 1462 Hoc
2069 1427 2295 1483 apparatu
2313 1416 2581 1466 obstetricio

173 1495 287 1543 satia
306 1494 530 1561 probatur
546 1507 732 1562 partum
749 1494 983 1543 difficilem
1003 1494 1217 1552 indicari,
1245 1512 1329 1542 nec
1355 1512 1485 1561 posse
1508 1497 1707 1562 cogitari
1733 1494 1971 1542 Palladem
1992 1493 2116 1541 facili
2136 1496 2270 1562 lapsu
2289 1515 2316 1543 e
2341 1499 2486 1564 patris
2510 1517 2582 1546 ca-

177 1575 271 1643 pite
291 1576 441 1624 exisse
464 1575 537 1624 vel
563 1576 834 1643 prosiluisse
858 1573 1269 1628 οἷναπεπάλθαι.
1319 1575 1476 1623 Verba
1509 1576 1813 1625 scholiastae:
1853 1572 1885 1641 ἢ
1909 1572 1997 1628 ὅτι
2027 1574 2130 1628 τόν
2153 1575 2459 1641 Πάλλαντα,
2484 1583 2583 1632 ἕνα

173 1658 287 1709 τᾶν
338 1654 638 1722 γιγάντων,
680 1657 1022 1710 ἀπέκτεινεν·
1058 1656 1120 1704 ad
1164 1657 1360 1705 deorum
1406 1657 1524 1704 bella
1570 1675 1678 1705 cum
1722 1656 1932 1718 Titanis,
1980 1675 2086 1705 cum
2133 1658 2404 1724 gigantibus
2450 1673 2583 1726 ges-ta

175 1738 448 1804 respiciunt,
484 1737 654 1805 quibus
688 1738 823 1805 gigas
859 1737 1015 1787 Pallas
1052 1738 1281 1799 interfuit,
1317 1737 1480 1805 (Hom.
1520 1756 1664 1786 merc.
1706 1738 1819 1785 100.
1872 1738 1987 1788 Hes·
2026 1738 2208 1806 Theog.
2248 1738 2386 1802 373.‚
2424 1741 2580 1809 383),

173 1836 312 1885 quem
348 1817 547 1868 eundem
591 1819 805 1866 nonnulli
840 1819 1082 1867 Minervae
1117 1830 1295 1886 patrem
1333 1837 1433 1868 esse
1466 1819 1732 1867 volucrunt.
1807 1819 1909 1866 Etsi
1946 1837 2058 1866 vero
2094 1820 2402 1870 concedamus
2448 1823 2580 1872 illum

172 1900 413 1965 gigantem
449 1917 477 1947 a
509 1900 726 1948 Minerva
768 1917 869 1947 esse
915 1900 1239 1962 intersectum,
1287 1912 1441 1948 tamen
1488 1899 1603 1947 nihil
1649 1900 1698 1947 in
1734 1917 1788 1947 ea
1834 1917 1883 1947 re
1928 1917 2093 1948 causae
2140 1913 2233 1963 est,
2282 1921 2367 1950 cur
2410 1921 2581 1952 nomen

174 1981 414 2028 Minervae
450 1978 557 2027 inde
592 1980 840 2047 repetitum
877 1998 1165 2042 censeamus,
1202 1981 1471 2049 praesertim
1507 1997 1651 2048 quum
1688 1981 1802 2027 artis
1838 1992 2142 2029 monumenta
2164 1981 2281 2030 alios
2304 2001 2489 2052 quoque
2513 1986 2584 2051 gi-

174 2073 341 2129 gantes
383 2079 478 2109 una
520 2079 627 2109 cum
680 2061 893 2109 Pallante
948 2079 975 2110 a
1024 2063 1240 2110 Minerva
1285 2080 1441 2110 caesos
1485 2062 1703 2109 reserant.
1778 2060 1938 2108 Placet
1984 2062 2210 2129 inspicere
2255 2065 2487 2131 picturam
2535 2067 2582 2114 in

173 2161 363 2208 gemma
396 2142 674 2208 descriptam
710 2141 853 2208 (apud
888 2143 1062 2191 Millin.
1100 2144 1387 2205 XXXVII„
1427 2142 1520 2190 128
1556 2153 1603 2189 et
1640 2142 1753 2189 143.
1804 2141 1911 2189 coll.
1951 2142 2101 2191 Ekhel
2148 2144 2296 2193 Num.
2345 2146 2577 2196 anecdott.

174 2224 337 2285 xm„
377 2221 480 2289 15.)
516 2223 564 2270 in
597 2240 691 2290 qua
726 2222 908 2285 Pallas,
954 2224 1247 2286 Enceladus,
1284 2224 1533 2291 Typhoeus
1578 2242 1606 2271 a
1639 2220 1854 2270 Minerva
1897 2234 2137 2271 necantur.
2211 2225 2357 2273 Istam
2402 2228 2440 2274 si
2486 2246 2582 2276 am-

178 2305 426 2372 plectimur
460 2304 755 2365 seutentiam,
791 2322 910 2371 quae
945 2305 1109 2353 dubito
1145 2304 1378 2352 incautior
1411 2322 1466 2351 an
1502 2304 1706 2371 ineptior
1740 2304 1817 2365 sit,
1855 2303 2079 2352 habemus
2116 2305 2355 2354 Palladem
2393 2309 2581 2374 parrici-

177 2385 304 2446 dam,
338 2402 434 2451 qua
468 2402 518 2432 re
553 2385 641 2451 ipsi
674 2384 901 2432 Titanum
937 2386 1182 2433 certamini
1217 2385 1343 2434 haud
1390 2385 1500 2433 levis
1536 2383 1833 2451 adspergitur
1873 2383 2000 2431 labes
2047 2385 2342 2453 multumque
2389 2387 2446 2434 de
2489 2389 2582 2436 sin-

175 2465 331 2532 gulari
365 2466 470 2514 eius
502 2465 549 2514 vi
583 2465 866 2528 detrahitur,
898 2483 1016 2533 quae
1051 2465 1165 2515 haec
1195 2477 1286 2529 est,
1323 2478 1376 2515 ut
1410 2466 1601 2513 deorum
1626 2464 1744 2532 leg-is
1768 2483 1821 2513 ac
1844 2465 1955 2513 boni
1972 2466 2159 2515 ,ordinis
2184 2468 2449 2535 praesidum
2475 2487 2580 2518 cum

178 2558 344 2595 natura
376 2546 496 2612 legis
531 2546 807 2614 consiliique
852 2558 1037 2614 experte
1079 2559 1314 2597 certamen
1360 2547 1637 2615 deping-atur
1648 2544 1700 2612 *).
1774 2546 1893 2593 Eam
1931 2548 2237 2610 sententiam,
2274 2567 2415 2618 quam
2451 2551 2579 2598 scho-

177 2627 311 2676 liasta
363 2627 545 2675 verbis:
598 2626 632 2693 ἢ
675 2627 826 2696 παραὶ
863 2624 930 2681 τό
974 2626 1061 2678 ἀεὶ
1113 2627 1336 2682 πάλλειν
1377 2632 1466 2681 καὶ
1508 2621 1825 2695 κραδαίνων
1871 2625 1939 2681 τό
1987 2622 2123 2696 δόρυ
2152 2632 2394 2698 expressit,
2441 2650 2579 2700 supra

177 2709 498 2757 refutavimus.

302 2843 304 2845 ,
380 2790 546 2838 Restat
579 2801 632 2837 ut
664 2808 721 2838 ea
752 2790 912 2851 verba,
949 2789 1117 2856 quibus
1151 2790 1403 2839 scholiasta
1445 2800 1655 2856 quartam
1701 2790 1905 2838 nominis
1949 2791 2186 2858 repetendi
2235 2793 2460 2840 rationem
2505 2811 2579 2840 ex·

176 2868 320 2931 hibet,
357 2870 691 2918 examinemus.
765 2870 909 2919 Sacra
946 2870 1142 2936 Dionysi
1178 2871 1226 2917 in
1262 2871 1406 2920 Creta
1449 2869 1601 2917 insula
1646 2880 1749 2917 orta
1791 2869 1849 2917 ah
1887 2871 2165 2938 Epimenide
2200 2873 2408 2921 Athenas
2454 2873 2579 2919 illata

174 2962 302 3013 sunt,
340 2950 437 3011 ubi,
473 2950 584 3017 quia
617 2951 881 2999 Homerum
917 2961 1154 2999 auctorem
1192 2952 1323 3018 sequi
1360 2969 1452 3000 non
1487 2949 1672 3013 licebat,
1707 2951 1865 3000 variae
1900 2951 1958 3000 de
1993 2951 2074 3000 illo
2123 2951 2211 3001 deo
2256 2953 2438 3001 fabulae
2485 2954 2579 3001 fere

176 3030 336 3097 populi
372 3030 565 3080 arbitrio
600 3031 886 3098 excogitatae
920 3042 1045 3079 sunt.
1119 3031 1174 3078 ln
1211 3030 1285 3079 his
1329 3043 1400 3080 est
1435 3030 1632 3093 fabulis,
1678 3032 1942 3099 Dionysum
1985 3049 2012 3079 a
2046 3032 2231 3082 Titanis
2277 3033 2577 3101 discerptum,

380 3235 414 3279 ¹¹¹)
449 3235 518 3271 cfr.
552 3236 635 3270 Hor.
671 3235 736 3270 Od.
771 3235 853 3277 111„
877 3239 939 3277 '4.;
972 3235 1071 3270 Pind.
1110 3235 1214 3281 Pyth.
1254 3236 1373 3278 vm.;
1405 3236 1481 3270 coll.
1515 3236 1679 3281 Aeschyl.
1720 3238 1862 3270 Eumen.
1898 3240 1974 3270 2⁸9.
2009 3247 2104 3282 sqq.;
2137 3239 2251 3283 Eurip.
2282 3239 2357 3273 Ion.
2390 3243 2454 3271 206
2493 3250 2586 3284 sqq„

449 3295 525 3327 987.
551 3303 638 3338 sqq„
667 3297 761 3327 1528.

2308 3354 2367 3396 2*
