2928 3733
1295 103 1635 150 -22-

254 238 450 288 thenaea
486 249 532 286 et
566 256 739 304 magna
773 250 819 286 et
855 239 1038 288 minora
1075 238 1493 306 celebrabantur¹),
1542 240 1599 290 de
1635 240 1804 308 quibus
1847 240 2057 290 scholion
2100 240 2161 290 ad
2193 242 2344 291 Arist.
2382 242 2511 295 Nub.
2559 243 2677 292 385.

254 320 415 369 docet:
455 317 526 372 τοὶ
562 315 622 373 δὲ
656 316 1032 385 Παναθήναια
1067 318 1271 388 ἑορτήν
1306 321 1431 386 παρ’
1463 322 1783 388 Ἀθηναίοις
1817 320 1957 375 εἶναι
1980 325 2254 388 μεγίστην
2275 321 2680 389 παρᾶπᾰντων

254 397 458 468 ᾄδεται.
530 401 696 468 Neque
731 420 844 450 vero
881 413 1142 452 ceterorum
1181 403 1361 450 dierum
1400 405 1520 452 ratio
1556 416 1682 453 certa
1717 417 1763 452 et
1786 416 2004 464 constans
2039 416 2124 453 est.
2197 404 2322 456 Nam
2359 412 2554 471 quartus
2579 404 2678 455 dies

254 484 457 532 ineuntis
492 482 667 531 mensis
702 482 844 530 modo
879 484 1118 531 Mercurio
1155 482 1318 548 (Hom.
1348 484 1508 550 hymn.
1548 486 1694 534 Merc.
1727 484 1828 552 19.)
1848 485 1995 533 modo
2021 485 2216 535 Herculi
2241 485 2441 552 (Zenob.
2469 485 2579 547 VL,
2605 485 2675 547 7.,

254 564 408 612 Procl.
449 564 508 612 ad
544 563 740 611 Hesiod.
781 583 858 632 op.
908 577 954 611 et
990 565 1087 612 dics
1125 566 1238 612 763.
1280 577 1324 612 et
1360 564 1674 632 768—770.)
1712 565 1964 627 tribuitur,
2011 578 2203 615 octavus
2237 567 2460 634 Neptuno
2496 566 2676 616 dicatus

251 656 321 692 est
356 644 503 711 (Plut.
543 645 606 691 V.
645 645 790 692 Thes.
834 665 875 693 6.
915 645 1036 712 35.).
1114 648 1327 712 Denique
1365 646 1410 692 in
1449 648 1553 714 ipso
1589 647 1663 694 die
1698 647 1938 697 Minervae
1974 664 2108 695 sacro
2145 647 2432 713 designando
2481 649 2677 715 scripto·

252 745 325 774 res
373 725 489 774 adeo
538 744 630 774 non
685 727 773 775 sibi
829 739 1067 787 constant,
1127 740 1176 775 ut
1228 727 1420 775 Servius
1469 728 1527 787 ad
1574 729 1709 794 Virg.
1759 727 1935 793 Georg.
1986 728 2056 788 }.‚
2098 727 2216 775 217.
2266 727 2388 776 diem
2437 728 2673 796 quintum,

252 810 450 874 Dionys.
490 808 648 857 Halic.
698 807 804 873 (art.
856 810 973 859 rhet.
1025 810 1111 857 ΙΙΙ.
1160 829 1204 875 p.
1252 806 1402 873 243.)
1450 811 1666 875 quintum
1713 808 1946 857 decimum
1995 809 2188 870 afferat3
2235 827 2354 875 quae
2397 810 2671 876 opinionum

253 889 566 956 discrepantia
601 890 714 940 oriri
753 908 845 937 non
884 891 1127 956 potuisset,
1163 892 1201 937 si
1241 891 1405 937 tertius
1442 890 1541 938 dies
1577 890 1818 939 vetustatis
1854 909 2084 939 consensu
2121 889 2189 937 illi
2238 889 2350 938 deae
2397 908 2527 939 sacer
2572 910 2674 940 esse

252 971 458 1018 creditus
494 982 630 1020 esset.
704 972 868 1019 Restat
904 983 956 1019 ut
991 972 1420 1039 interpretationem
1457 973 1588 1021 vocis
1617 974 1965 1039 Τριτογένεια
2003 972 2050 1020 111
2075 972 2236 1038 Etym.
2274 972 2343 1019 M.
2384 959 2671 1038 propositam

250 1070 688 1101 commemoremus.
763 1052 834 1099 lbi
871 1071 908 1099 s.
948 1071 993 1100 v.
1034 1053 1172 1114 767„
1211 1055 1292 1099 44.
1321 1069 1421 1119 sqq.
1452 1051 1564 1100 haec
1590 1053 1835 1119 leguntur:
1884 1051 1916 1118 ἢ
1950 1046 2135 1118 ἐπειδή
2173 1055 2392 1119 τριταία
2426 1052 2672 1117 γέγονεν,

251 1139 422 1185 οἱονεὶ
455 1133 487 1199 ἡ
520 1135 827 1201 φαινομένη
860 1139 1093 1202 τριταία·
1127 1139 1221 1186 καὶ
1256 1131 1358 1199 γάρ
1396 1134 1496 1200 τήν
1526 1131 1700 1199 αῠτήν
1735 1133 1874 1186 εἶναι
1911 1135 1991 1204 τῇ
2027 1132 2236 1200 σελήνῃ·
2281 1133 2372 1186 καὶ
2412 1131 2518 1200 τήν
2548 1135 2672 1200 τρί-

248 1234 353 1280 την
388 1217 492 1267 τοῦ
526 1214 704 1282 μηνός
740 1211 1108 1283 τριτομηνίὸα
1143 1214 1389 1267 ἐκάλουν·
1427 1209 1584 1268 δοκεῖ
1611 1210 1672 1267 δὲ
1713 1216 2094 1280 γεγεννᾶσθαι
2134 1213 2267 1268 τότε
2312 1215 2342 1281 ἡ
2382 1213 2669 1281 ἈθηνᾶἿ

247 1296 338 1343 His
382 1297 537 1345 verbis
573 1297 612 1343 si
650 1314 743 1344 non
779 1297 1042 1345 Minervam
1083 1296 1273 1343 eandem
1312 1306 1451 1360 atque
1490 1297 1670 1344 Lunam
1710 1312 1808 1341 esse
1844 1294 2123 1355 affirmatur,
2160 1313 2299 1362 quam
2336 1296 2524 1362 quidem
2560 1313 2668 1343 cum

247 1377 426 1425 Hecate
462 1396 721 1443 congruere
758 1389 881 1427 recte
926 1376 1062 1424 docet
1098 1373 1473 1440 Hermanuus³),
1522 1388 1568 1423 at
1616 1386 1737 1423 certe
1784 1374 1900 1424 illud
1947 1375 2207 1437 indicatur,
2257 1396 2284 1424 a
2327 1376 2413 1427 dea
2455 1376 2670 1425 aetherea

248 1456 459 1525 lucisque
496 1458 632 1526 plena
667 1459 804 1507 etiam
851 1457 989 1507 lunae
1034 1476 1139 1506 cum
1178 1457 1279 1506 luce
1315 1475 1368 1504 ac
1397 1456 1643 1524 splendore
1679 1473 1781 1504 eam
1818 1455 1921 1505 dari
1958 1456 2308 1520 fecunditatem,
2344 1476 2461 1527 quae
2498 1476 2552 1507 ex
2590 1458 2670 1508 illa

248 1538 295 1585 in
335 1538 495 1604 fruges
533 1550 701 1598 terrae,
739 1539 971 1606 imprimis
1008 1539 1056 1586 in
1093 1538 1240 1585 oleam
1278 1555 1331 1586 ac
1366 1538 1538 1598 vitem,
1585 1536 1825 1586 redundet.
1900 1537 1973 1586 Ea
2008 1539 2172 1586 Lunae
2215 1550 2262 1588 et
2307 1538 2513 1588 siderum
2561 1557 2667 1592 cum

246 1619 463 1666 Minerva
500 1621 766 1668 coniunctio
804 1631 856 1668 ut
890 1620 949 1669 ab
984 1619 1182 1667 Homeri
1220 1629 1367 1666 aetate
1405 1635 1597 1684 prorsus
1640 1617 1886 1678 abhorret,
1932 1619 1997 1665 ita
2038 1619 2086 1668 in
2135 1620 2472 1686 superstitiosis
2518 1631 2669 1687 poste·

246 1700 425 1751 riorum
464 1713 729 1768 temporum
767 1702 1043 1751 commentis
1080 1719 1214 1766 saepe
1251 1699 1498 1765 reperitur.
1572 1698 1695 1749 Nam
1731 1709 1778 1746 et
1810 1698 2022 1764 aegidem
2060 1700 2236 1765 pectori
2284 1699 2396 1748 deae
2433 1702 2481 1750 in
2517 1703 2668 1768 signis

247 1782 497 1849 praefixam
535 1793 674 1849 atque
710 1794 885 1831 vestem
925 1781 1071 1830 stellis
1107 1781 1371 1831 distinctam
1408 1780 1467 1829 ad
1505 1780 1631 1830 illam
1671 1780 1909 1829 Minervae
1945 1791 1992 1828 et
2036 1779 2242 1831 siderum
2289 1782 2666 1833 coniunctionem

245 1863 526 1924 referebant,
564 1882 650 1912 nec
687 1863 897 1923 deerant,
935 1863 1014 1929 qui
1051 1863 1198 1929 capite
1235 1860 1476 1922 Medusae,
1514 1880 1607 1928 quo
1656 1860 1777 1928 apud
1813 1862 2077 1911 Homerum
2124 1874 2276 1911 terror
2321 1881 2374 1913 ac
2422 1863 2535 1930 fuga
2584 1883 2668 1930 pu-

243 1944 497 2011 gnantibus
533 1945 771 2005 iniicitur,
809 1944 1062 2009 imaginem
1100 1944 1261 1991 Lunae
1307 1942 1436 1991 reddi
1474 1954 1740 2004 censerent,
1778 1943 1949 2010 quippe
1994 1962 2112 2010 quae
2148 1943 2331 1993 occulta
2377 1943 2577 2010 quadam
2613 1964 2667 1994 ac

243 2044 387 2093 paene
418 2025 576 2074 divina
610 2026 656 2073 vi
693 2037 740 2074 ct
775 2025 1057 2076 intuentium
1095 2024 1275 2072 animos
1312 2024 1692 2091 praestringeret,
1730 2035 1775 2073 et
1811 2035 1959 2073 terrae
1997 2024 2281 2073 incrementa
2317 2037 2526 2092 augeret.

450 2107 635 2173 Duplex
680 2106 760 2155 illa
785 2107 898 2155 deae
934 2117 980 2152 et
1016 2105 1238 2153 naturalis
1275 2118 1321 2152 et
1356 2124 1382 2153 a
1419 2105 1633 2153 sensibus
1670 2117 1874 2154 remotae
1908 2106 1979 2152 vis
2016 2116 2069 2154 ut
2093 2105 2189 2153 fere
2225 2106 2273 2153 in
2310 2107 2528 2155 omnibus
2554 2107 2666 2157 deae

245 2187 531 2248 nominibus,
569 2188 634 2237 ita
657 2187 797 2236 etiam
835 2186 881 2235 in
920 2184 1147 2234 adiectivo
1184 2187 1487 2250 γλαυκῶπις
1523 2184 1708 2234 videtur
1744 2186 1911 2247 inesse,
1948 2204 2042 2254 quo
2066 2186 2309 2236 Minervae
2345 2204 2453 2236 611111
2476 2188 2663 2238 aethere

243 2287 297 2318 ac
334 2268 436 2317 luce
472 2287 566 2317 non
603 2269 785 2329 minus,
833 2286 973 2335 quam
1011 2285 1118 2315 cum
1155 2266 1375 2333 Neptuno
1413 2277 1460 2314 et
1496 2266 1606 2316 love
1648 2267 1864 2333 cognatio
1901 2266 2150 2318 indicatur.
2226 2267 2393 2334 Neque
2429 2269 2554 2317 enim
2592 2288 2666 2317 so-

243 2350 342 2398 lum
379 2349 648 2398 ardentibus
684 2361 730 2397 et
754 2348 921 2396 lucidis
957 2347 1107 2395 oculis
1131 2347 1338 2413 praedita
1373 2365 1481 2396 cum
1505 2347 1748 2395 Nitzschio
1773 2360 1819 2395 et
1841 2349 1973 2397 Luca
2007 2348 2257 2414 cogitanda
2292 2367 2391 2397 esse
2415 2349 2665 2417 videam-⁴),

243 2430 325 2479 sed
373 2430 566 2482 eandam
619 2431 756 2481 etiam
816 2428 931 2477 coeli
987 2439 1316 2493 tempestatum
1360 2427 1766 2493 cortaminumque
1812 2428 1921 2477 belli
1968 2427 2228 2495 praesidem
2286 2442 2332 2478 et
2387 2430 2663 2481 adiutricem

241 2512 495 2578 significari
532 2523 893 2561 consentaneum
930 2508 1046 2574 est5)
1084 2507 1242 2575 (Virg.
1272 2510 1361 2557 Xl.
1388 2509 1504 2560 483.
1544 2510 1845 2576 Armipotens
1881 2529 2066 2578 praeses
2103 2510 2211 2560 belli
2234 2512 2453 2561 Tritonia
2487 2512 2664 2579 virgo.)

242 2594 488 2642 Emicabat
523 2592 740 2640 videlicet
773 2610 829 2638 ex
865 2590 1013 2638 oculis
1038 2590 1151 2637 deae
1189 2590 1370 2638 lucidus
1406 2589 1596 2657 quidam
1634 2589 1808 2655 fulgor,
1846 2609 1901 2640 ex
1925 2609 2018 2658 quo
2054 2591 2216 2642 eodem
2253 2593 2398 2640 animi
2436 2595 2664 2663 sapientia

241 2674 380 2741 plena
427 2672 605 2722 consilii
662 2671 914 2720 relucebat.
997 2672 1159 2738 ltaque
1216 2671 1519 2734 γλαυκῶπις
1564 2690 1658 2719 11011
1719 2671 1780 2720 ita
1828 2671 2026 2721 multum
2082 2690 2109 2719 a
2156 2665 2416 2741 χαροπᾶς
2473 2673 2663 2722 differre

447 2891 474 2934 ¹)
506 2889 575 2923 Cfr.
601 2890 644 2923 K.
670 2891 726 2923 Fr.
751 2890 928 2923 Hermann
951 2890 973 2921 1.
998 2890 1021 2922 1.
1047 2890 1076 2931 ξ.
1103 2893 1169 2929 54.,
1199 2893 1263 2929 14.,
1289 2890 1344 2932 qui
1367 2875 1476 2922 ¹affert
1499 2888 1660 2922 Proclum
1691 2890 1744 2922 ad.
1771 2889 1860 2922 Tim.
1886 2901 1919 2934 p.
1945 2893 1977 2922 9.
2011 2881 2303 2930 Ἐκιτομβιιὸνος
2332 2884 2432 2934 rein
2460 2879 2642 2925 'ara-'vus-

441 2962 472 3005 2)
504 2960 573 2994 Cfr.
598 2961 752 2993 Eustath.
778 2962 821 2993 ad
846 2960 889 2992 11.
916 2959 993 2998 IV„
1018 2971 1050 3002 p.
1076 2965 1172 3000 504.⁷
1199 2962 1253 2992 27.
1280 2960 1393 2992 Tzetz.
1425 2960 1468 2991 ad
1494 2959 1664 3001 Lycophr.
1698 2970 1728 2990 v.
1755 2962 1851 2992 519.:
1877 2947 1933 2990 ὅτι
1962 2952 1980 2991 ἦ
2013 2948 2101 2992 αὖτέ
2132 2961 2202 2989 ἐστι
2230 2955 2273 3007 τῇ
2295 2949 2421 3007 «κλίνῃ,
2450 2953 2467 2994 ἦ
2489 2955 2519 2991 δὲ
2550 2950 2663 2995 entim

509 3018 593 3058 'au-0¹
624 3018 754 3057 cvvJSw
782 3021 922 3069 τευ-αι’·
951 3022 1114 3065 φαίνεται.

441 3090 470 3132 3)
503 3090 530 3121 Ι.
556 3090 578 3121 l.
606 3090 627 3120 l.
653 3090 683 3129 ξ,
713 3092 762 3119 15.
788 3095 872 3120 extr.
898 3088 976 3120 coll.
1003 3088 1033 3128 ξ.
1060 3091 1114 3118 42.
1140 3089 1228 3119 med.
1255 3093 1287 3118 et
1310 3094 1379 3119 not.
1406 3091 1437 3119 9.

438 3160 469 3202 ⁸)
501 3158 571 3191 Cfr.
598 3157 747 3188 Nitzsch.
773 3157 815 3188 ad
840 3156 963 3199 Odyss.
990 3157 1030 3195 1.‚
1056 3160 1111 3186 44.
1160 3156 1198 3188 C.
1225 3156 1281 3187 W.
1307 3157 1420 3189 Lucas
1450 3157 1516 3195 „de
1540 3156 1624 3187 Min.
1649 3167 1746 3199 cogn.
1770 3149 1995 3195 γλινιότις“
2042 3159 2142 3192 Βο1111
2170 3161 2266 3190 1831.

438 3219 467 3260 ⁵)
501 3217 570 3250 Csr.
596 3216 727 3248 Preller
749 3214 859 3256 Myth.
884 3225 933 3257 gr.
958 3214 1017 3254 11„
1044 3217 1141 3246 284.:
1167 3215 1244 3253 „die
1269 3215 1472 3248 sturmische
1497 3213 1642 3247 wetter·
1667 3216 1735 3248 und
1759 3216 2013 3259 Kriegsgottin,
2039 3218 2092 3251 die
2118 3217 2237 3252 Gattin
2262 3219 2322 3250 der
2346 3218 2480 3262 Wogen
2504 3220 2572 3251 und
2597 3220 2658 3251 der

506 3277 614 3308 Rosse
640 3275 709 3306 und
735 3274 792 3305 des
817 3272 1071 3315 wildbewegten
1098 3272 1263 3315 Knmpses
1288 3273 1321 3304 in
1346 3274 1404 3305 der
1430 3272 1629 3304 Schlacht.“

503 3333 572 3367 Cfr.
600 3333 786 3366 Schneider
812 3330 917 3374 orph.
944 3332 1027 3374 Arg.
1055 3335 1131 3362 439.
