2928 3733
1360 91 1698 138 -12-

319 225 471 273 maior
507 225 553 273 in
580 223 725 273 Iliade
763 242 903 292 quam
943 225 989 273 in
1028 224 1240 293 Odyssea
1275 237 1511 294 appareat.
1586 226 1765 294 Iupiter
1799 223 2000 293 quidem·
2023 223 2380 292 quantiheiat,
2414 243 2468 274 se
2499 242 2605 284 suo,
2644 243 2737 272 non

318 307 472 374 alieno
508 307 707 375 imperio
744 307 1006 356 subiectum
1043 325 1163 369 esse,
1210 325 1265 356 eo
1303 305 1463 356 iliadis
1510 307 1614 357 loco
1659 307 1975 367 demonstrat,
2021 323 2116 373 quo
2164 323 2301 373 pone
2340 322 2394 355 se
2428 323 2591 357 omnes
2625 306 2738 357 deo·

320 399 482 436 catena
516 406 771 457 suspensos
807 387 1035 437 trahendo
1074 390 1123 437 iu
1162 389 1419 456 Olympum
1456 389 1670 438 attollere
1707 387 1955 456 praedicat.
2030 387 2132 436 cfr.
2173 387 2334 449 vm„
2372 387 2588 438 17-27,

525 469 619 518 Sed
656 481 710 518 ut
743 488 831 531 eo,
868 470 993 517 unde
1029 470 1243 529 deflexit,
1292 480 1451 517 nostra
1497 469 1656 518 redeat
1709 469 1988 537 disputatio,
2037 469 2298 517 Homerum
2346 479 2556 531 constat,
2601 481 2741 538 pmut

317 562 518 598 metrum
557 550 804 612 desideret,
844 551 974 599 nullo
1012 552 1134 599 facto
1171 550 1457 612 discrimine,
1494 551 1639 598 filiam
1677 569 1735 599 ex
1776 550 1902 598 lovis
1944 551 2094 617 capite
2140 562 2294 598 natam
2330 549 2538 617 »ideoque
2582 550 2739 617 0239&—

312 629 615 699 μοποίτρην
653 632 761 693 (cl'r.
803 631 898 680 od.
937 633 1126 680 xxiv,
1167 636 1328 692 extr.),
1366 631 1506 679 modo
1541 649 1655 679 voce
1696 628 1930 696 Ἀθήνη,
1976 630 2114 679 modo
2139 630 2313 681 'forma
2341 630 2619 698 Ἀθηναίη
2663 633 2740 681 de-

315 713 520 777 signare.
592 713 807 761 Homero
843 725 889 762 et
920 713 1116 762 Ionibus
1139 732 1283 780 quum
1317 712 1487 760 usitata
1510 723 1631 760 esset
1664 709 1885 776 Ἀθήνη
1908 722 1955 759 et
1975 711 2268 778 Ἀθηναίη,
2304 712 2474 760 Atticis
2519 714 2740 762 vetustio-

316 792 447 840 ribus
485 793 533 839 in
571 811 660 840 usu
697 806 797 842 erat
832 794 984 841 forma
1017 792 1325 859 Ἀθηναία,
1363 810 1504 859 quam
1542 793 1770 851 formam,
1807 809 1901 839 non
1935 791 2188 857 Ἀθηνᾶ,
2234 793 2281 839 in
2330 791 2526 859 publicis
2573 810 2738 842 mouu-

318 874 489 921 mentis
526 885 634 922 ante
670 875 916 923 Euclidem
954 873 1244 920 Archontem
1281 872 1495 940 (Olymp.
1536 875 1639 934 94„
1676 871 1748 937 2.)
1786 873 2002 939 usurpari
2028 873 2304 922 observatur
2326 890 2353 921 a
2376 872 2612 922 Boeekhio
2634 874 2738 922 viro

318 954 579 1004 clarissimo
592 953 643 1021 ¹).
716 954 882 1022 Neque
918 955 1044 1003 enim
1081 972 1245 1002 eorum
1284 953 1522 1020 probanda
1557 953 1785 1003 sententia
1820 965 1919 1015 est,
1956 964 2009 1002 ut
2044 970 2185 1021 supra
2221 953 2451 1015 diximus,
2497 955 2577 1022 qui
2623 975 2738 1004 voce

311 1034 586 1104 Ἀθηναίη
624 1036 756 1086 deam
793 1035 1129 1085 Atheniensem
1167 1035 1422 1101 significari
1464 1047 1683 1097 censent,
1720 1034 1993 1102 praesertim
2029 1054 2175 1102 quum
2212 1049 2373 1085 notum
2411 1037 2502 1097 sit,
2539 1037 2739 1084 nomini-

314 1118 401 1167 bus
449 1117 573 1166 haud
629 1136 737 1166 raro
785 1116 1012 1165 adiectiva
1060 1118 1341 1183 parag-egica
1387 1116 1637 1177 substitui,
1694 1114 1851 1182 qualia
1905 1128 2015 1164 sunt
2061 1115 2331 1183 ἀναγκαίη
2378 1138 2461 1185 pro
2507 1114 2734 1182 ἀνάγκη,

312 1199 580 1264 ἀμοιβαίη
618 1217 702 1265 pro
739 1194 964 1263 ἀμοιβή,
998 1195 1208 1263 α’ρχαίη
1247 1215 1330 1263 pro
1365 1194 1518 1264 α’ρχή
1554 1194 1707 1262 cet.²).
1759 1195 1895 1258 Quae
1919 1215 2027 1245 cum
2061 1197 2126 1245 ita
2157 1199 2267 1259 sint,
2306 1199 2352 1245 in
2391 1199 2558 1264 ineptis
2581 1214 2737 1264 gram-

312 1280 592 1328 maticorum
640 1278 917 1326 commentis
963 1278 1227 1325 babendum
1274 1296 1372 1325 esse
1427 1288 1675 1343 putamus,
1729 1275 1855 1343 quod
1908 1289 2125 1338 monent,
2169 1277 2504 1345 Ἀθηναίους
2546 1278 2733 1345 quidem

311 1360 461 1409 dictos
496 1379 596 1409 esse
631 1360 759 1409 viros
795 1359 1126 1422 Athenienses,
1165 1377 1257 1407 non
1294 1358 1403 1405 item
1441 1356 1661 1405 mulieres
1695 1356 2028 1424 Ἀθηναίας,
2064 1357 2144 1406 sed
2189 1358 2445 1421 Ἀττικάς
2491 1379 2572 1408 seu
2606 1360 2738 1413 'At-—

310 1437 506 1504 θίδας,
545 1442 683 1510 idque
721 1441 894 1489 factum
932 1459 1034 1489 esse
1069 1434 1224 1492 αἰδοῖ
1248 1441 1349 1505 τῆς
1382 1433 1643 1500 πολιάὸος
1676 1457 1714 1487 s.
1754 1436 2059 1503 πολιούχου
2101 1439 2413 1506 Ἀθηναίας
2456 1444 2735 1491 verecundia

314 1522 426 1571 deae
463 1523 722 1584 adiuti-icis,
762 1519 794 1573 ἴ
795 1541 865 1573 να
900 1519 979 1585 μή
1014 1518 1121 1586 τήν
1156 1516 1379 1585 ἄγαμον
1414 1528 1470 1572 αἱ
1500 1516 1854 1584 γαμούμεναι
1889 1521 1959 1589 τῇ
1982 1526 2316 1588 προςηγορίᾳ
2352 1521 2736 1588 καταισχύνω-

314 1622 422 1657 σιν.
497 1604 601 1653 cfr.
640 1602 829 1651 Ruhnk.
869 1601 929 1650 ad
965 1603 1172 1668 Longin.
1212 1601 1314 1662 34„
1350 1603 1399 1648 2.

517 1684 764 1752 Explicata
800 1684 980 1732 ratione
1016 1683 1144 1731 vocis
1178 1678 1395 1747 Ἀθήνη
1431 1692 1593 1743 restat,
1629 1692 1682 1729 ut
1715 1680 1913 1729 alterum
1948 1680 2066 1730 illud
2102 1700 2304 1743 nomen,
2350 1684 2494 1750 priori
2539 1685 2598 1733 ab
2633 1686 2733 1733 Ho-

309 1784 441 1814 mero
477 1784 614 1833 saepe
651 1765 882 1826 additum,
918 1763 1191 1830 diligentius
1227 1763 1561 1810 examinemuS.
1636 1762 1690 1809 ln
1727 1780 1820 1829 quo
1857 1762 2062 1829 primum
2098 1762 2188 1811 boc
2223 1765 2461 1830 singulare
2484 1776 2570 1824 est,
2607 1767 2733 1833 quod

310 1846 396 1894 dea
432 1846 515 1894 illa
549 1845 675 1913 apud
711 1846 978 1894 Homerum
1015 1862 1350 1912 saepenumero
1384 1843 1569 1891 duobus
1615 1843 1883 1891 nominibus
1923 1839 2136 1904 Πάλλας
2170 1842 2390 1912 Ἀθήνη
2439 1847 2566 1895 iuxta
2611 1849 2733 1915 posi-

308 1929 385 1988 tis,
425 1945 664 1994 nunquam
702 1925 804 1974 sola
837 1944 952 1974 voce
986 1923 1200 1985 Πάλλας
1235 1925 1525 1990 designatur,
1562 1941 1708 1989 quum
1743 1923 1823 1971 alii
1858 1923 1942 1983 dii,
1979 1924 2110 1972 velut
2142 1925 2421 1992 NeptunuS,
2467 1918 2729 1991 Vulcanus,

309 2008 482 2075 Apollo
519 2008 641 2056 haud
679 2026 786 2056 raro
836 2007 1106 2055 nominibus
1150 2005 1440 2074 appellativis
1484 2003 1873 2070 Ἐνοσίχθων,
1918 2003 2319 2071 Ἐννοσίγαιος,
2359 2005 2729 2075 Ἀμφιγυήεις,

308 2093 513 2156 Φοῖβος
538 2108 748 2137 seorsum
776 2089 940 2156 positis
977 2087 1272 2135 denotentur.
1347 2085 1588 2152 Singulari
1626 2086 1713 2133 hoc
1737 2087 1936 2134 Homeri
1961 2105 2050 2135 usu
2086 2105 2248 2136 eorum
2286 2089 2446 2156 opinio
2482 2090 2728 2154 refellitur,

308 2171 387 2237 qui
424 2189 584 2218 vocem
621 2169 833 2230 Πάλλας
877 2187 904 2215 a
950 2167 1175 2219 πάλλειν
1220 2168 1430 2229 vibrare,
1479 2178 1698 2234 quatere,
1746 2168 1924 2233 agitare
1971 2168 2230 2216 ducendam
2275 2188 2375 2217 esse
2422 2171 2723 2220 arbitrantur.

307 2250 444 2314 Quae
488 2252 527 2299 si
576 2251 829 2318 probabilis
873 2260 996 2297 esset
1031 2248 1210 2315 opinio,
1249 2267 1391 2316 quum
1429 2259 1512 2296 aut
1545 2248 1682 2313 virgo
1719 2248 1897 2297 hastata
1942 2267 1982 2296 s·
2033 2249 2191 2299 hastae
2233 2250 2489 2312 vibrati-ix,
2526 2264 2607 2300 aut
2641 2253 2725 2301 dea

307 2332 505 2380 fortasse
552 2350 579 2378 a
633 2331 829 2378 fulmine
883 2329 1113 2377 vibrando
1161 2329 1460 2395 denominata
1505 2328 1794 2389 efficeretur,
1848 2347 1968 2396 quae
2013 2330 2143 2378 notio
2202 2331 2314 2378 deae
2368 2331 2479 2379 belli
2527 2334 2725 2400 promidi

306 2412 481 2478 optime
528 2421 826 2476 congrueret,
870 2409 986 2457 nihil
1034 2409 1265 2470 obstaret,
1308 2411 1420 2476 quin
1455 2411 1698 2457 Homerus
1738 2410 2002 2458 Minervam
2048 2428 2384 2479 nonnunquam
2431 2413 2570 2462 etiam
2612 2433 2726 2464 voee

304 2490 512 2554 Πάλλας
547 2491 648 2540 sola
685 2491 835 2559 posita
869 2490 1140 2558 appellaret.
1216 2489 1310 2538 Sed
1347 2491 1391 2538 id
1428 2490 1553 2558 apud
1589 2490 1792 2556 tragicos
1839 2491 2028 2540 demum
2076 2504 2122 2541 et
2165 2492 2336 2559 lyricos
2382 2505 2538 2560 poetas
2586 2492 2725 2564 atque

304 2573 427 2642 apud
464 2575 706 2622 Romanos
744 2584 904 2640 poetas
941 2572 1005 2620 ita
1041 2583 1111 2619 est
1147 2570 1493 2638 pervulgatum,
1532 2583 1584 2619 ut
1618 2570 1757 2619 ambo
1795 2573 1986 2622 nomina
2033 2573 2272 2622 rarissime
2313 2575 2564 2624 coniuncta
2598 2595 2727 2644 repe-

303 2656 511 2715 riantur,
548 2655 672 2722 quod
711 2654 791 2702 ubi
829 2653 910 2715 fit,
947 2653 1025 2700 illa
1063 2653 1253 2699 nomina
1291 2652 1413 2700 haud
1449 2671 1556 2700 raro
1593 2652 1698 2699 aliis
1733 2654 1887 2701 verbis
1935 2655 2188 2702 interiectis
2234 2667 2524 2722 separantur.
2599 2657 2720 2725 (cfr.

302 2736 451 2803 Soph.
492 2736 611 2783 Oed.
652 2736 758 2784 Col.
797 2754 844 2783 v.
887 2734 1055 2795 1Ο9Ο.,
1095 2733 1232 2781 Pind.
1273 2734 1410 2799 Pyth.
1452 2735 1564 2793 12„
1605 2731 1707 2798 13.)
1778 2734 1912 2782 Unde
1949 2747 2072 2782 recte
2109 2737 2337 2783 coniicere
2372 2737 2589 2786 videmur
2623 2741 2726 2787 uni-

300 2835 486 2865 versam
524 2817 673 2882 magis
720 2835 774 2863 ac
819 2815 1116 2881 generalem,
1163 2832 1303 2880 quam
1351 2814 1587 2880 propriam
1631 2832 1684 2860 ac
1732 2814 2018 2880 singularem
2067 2816 2116 2863 in
2163 2835 2276 2864 voce
2319 2813 2528 2880 Πάλλας
2573 2822 2724 2869 inesse

302 2898 558 2946 notionem.
634 2897 793 2963 ltaque
838 2894 1116 2943 Eustathius
1154 2893 1219 2960 (p.
1261 2895 1363 2952 84„
1401 2895 1517 2955 35.;
1559 2893 1729 2956 1742„
1767 2894 1871 2961 35.)
1909 2907 2046 2962 atque
2081 2898 2375 2962 grammatici
2424 2900 2537 2948 alias
2574 2904 2723 2950 nomi-

301 2980 372 3026 nis
414 2977 672 3026 deducendi
710 2977 912 3024 rationes
950 2976 1173 3035 inierunt,
1211 2993 1407 3040 quarum
1435 2974 1699 3041 complures
1736 2976 1783 3021 in
1807 2977 1965 3042 Etym.
2005 2978 2074 3025 M.
2113 2996 2159 3044 p.
2201 2979 2336 3039 649.,
2375 2981 2456 3029 52.
2497 2983 2720 3031 habemus

299 3058 608 3125 compositas:
647 3055 858 3118 Πάλλας
896 3054 927 3122 ἡ
960 3055 1194 3125 Ἀθηνᾶ·
1236 3053 1268 3120 ἢ
1291 3053 1440 3122 παρά
1466 3052 1532 3107 τό
1562 3053 1952 3109 οἷναπεποὲλθαι
1984 3059 2045 3106 ἐκ
2075 3058 2171 3123 τῆς
2193 3063 2421 3126 κεφαλῆς
2451 3064 2552 3115 τοῦ
2575 3062 2718 3125 Διός·

507 3197 533 3237 ¹)
560 3194 629 3228 cfr.
657 3193 893 3226 Staatshaush.
920 3195 951 3226 d.
977 3194 1105 3226 Athen.
1131 3199 1155 3225 t.
1181 3193 1239 3231 11.,
1264 3204 1296 3234 p.
1323 3196 1398 3224 200.

500 3253 530 3296 ²)
557 3250 627 3286 Cfr.
651 3250 797 3285 Dorvill.
821 3251 878 3284 ad.
902 3250 1031 3285 Charit.
1056 3263 1089 3295 p.
1118 3252 1193 3283 736.
1241 3249 1365 3283 Μαι-Η.
1391 3251 1434 3284 ad
1460 3249 1535 3293 Iph.
1560 3261 1593 3293 p.
1619 3253 1696 3282 411.
1746 3250 1876 3285 Schaes
1897 3252 1939 3284 ad
1965 3251 2006 3284 L.
2032 3250 2112 3285 Bos.
2131 3252 2250 3296 Euips.
2268 3266 2301 3297 p.
2328 3259 2404 3289 534.
2426 3259 2469 3290 al.
2489 3263 2522 3290 et
2545 3260 2587 3290 ad
2613 3259 2715 3301 Greg.

554 3310 633 3343 Cor.
659 3321 691 3352 p.
717 3312 794 3340 394.
