2928 3733
1336 97 1678 144 —18—

298 245 346 281 et
382 240 503 301 ρεῖν
539 233 882 298 cognationem.
956 234 1080 282 Nam
1119 246 1164 282 et
1199 252 1345 301 aquae
1383 232 1571 282 fluentis
1616 246 1771 282 motus
1807 233 1983 301 aliquid
2029 233 2197 301 trepidi
2247 244 2293 281 et
2334 234 2513 282 horridi
2561 235 2715 297 habet,

299 326 347 362 et
382 315 567 361 animus
604 313 807 360 hominis
845 313 891 360 in
931 313 1128 362 fluvium
1165 315 1324 362 vivum
1362 314 1661 382 despicientis
1706 315 1845 363 tacito
1894 313 2097 382 quodam
2145 313 2340 362 horrore
2370 313 2449 362 vel
2485 313 2715 363 desiderio

298 394 622 463 perfunditur,
659 411 799 460 quam
836 394 981 441 animi
1019 395 1314 443 affectionem
1352 394 1533 443 Goethe
1581 396 1774 461 egregio
1811 388 1892 442 illo
1929 395 2154 455 carmine,
2180 393 2304 461 quod
2330 394 2534 460 piscator
2557 395 2718 443 inscri—

298 476 454 534 bitur,
508 474 678 521 eximia
722 492 830 521 cum
886 486 1130 522 venustate
1178 474 1399 541 depinxit.
1472 477 1724 524 Vetustum
1782 476 1928 541 igitur
1971 476 2183 524 Tritonis
2227 478 2398 522 nomen
2445 472 2719 523 fluminibus

298 554 578 623 quibusdam
618 565 863 622 propterea
899 554 1085 602 videtur
1121 573 1220 603 esse
1258 555 1476 616 inditum,
1514 556 1638 623 quod
1675 557 1813 624 prisci
1857 555 1926 603 illi
1976 555 2225 604 fluminum
2274 554 2457 602 accolae
2503 553 2718 603 admirati

303 637 401 686 vim
438 653 586 703 aquae
623 635 764 683 modo
803 635 894 683 leni
932 653 1073 683 cursu
1111 635 1315 695 fluentis,
1353 635 1493 684 modo
1539 637 1702 704 rapido
1748 637 1924 685 vortice
1971 655 2071 684 sese
2117 635 2464 704 praecipitantis
2509 634 2720 684 divinum

298 717 522 786 quiddam
560 716 751 765 subesse
787 716 1066 777 sentiebant,
1103 736 1243 784 quam
1280 717 1374 765 vim
1412 716 1618 766 divinam
1657 718 1898 766 horrorem
1935 716 2205 765 hominibus
2242 716 2526 764 iniicientem
2550 714 2718 764 Graeci

299 809 463 866 postea
519 797 726 863 imagine
777 797 985 865 Neptuni
1045 809 1193 845 terras
1250 797 1498 846 ambientis
1550 810 1596 846 et
1648 798 1954 846 concutientis
2012 794 2338 864 (γαιήοχος,
2394 799 2721 862 ένοσίγαιος,

300 878 651 945 ἐνοσίχθων,
685 878 1024 945 σεισιζγθων)
1061 890 1412 946 expresserunt3
1453 898 1536 927 nec
1574 879 1812 927 dissimilis
1844 897 1983 927 causa
2019 891 2106 941 est,
2144 897 2228 927 cur
2265 879 2363 926 lovi
2400 890 2446 926 et
2480 878 2722 926 Minervae

300 960 515 1026 aegidem
552 972 778 1007 terrorem
817 960 1099 1006 iniicientem
1138 960 1401 1006 tribuerint.

510 1039 652 1103 Quod
690 1058 831 1107 supra
867 1039 1087 1100 diximus,
1127 1040 1415 1088 Graecorum
1454 1040 1564 1089 deos
1612 1042 1701 1088 iam
1738 1040 1936 1087 Homeri
1984 1052 2133 1089 aetate
2181 1041 2296 1089 tales
2344 1039 2516 1101 fuisse,
2564 1039 2723 1107 quales

303 1124 615 1192 posteriorum
652 1132 917 1188 temporum
955 1139 1186 1168 consensu
1224 1121 1568 1188 crederentur-¹)
1605 1133 1650 1169 et
1687 1121 1923 1189 publicum
1963 1122 2152 1170 illorum
2189 1122 2367 1170 cultum
2404 1120 2558 1188 prisco
2594 1138 2724 1169 more

302 1205 533 1253 sancitum
572 1203 649 1269 pia
684 1201 913 1267 religione
939 1219 1040 1247 esse
1067 1213 1296 1249 retentum
1308 1200 1362 1267 ²),
1401 1202 1447 1248 id
1484 1203 1623 1250 etiam
1659 1198 1914 1249 recentiore
1938 1213 2087 1250 aetate
2112 1201 2503 1270 prudentissimus
2528 1201 2723 1268 quisque

302 1289 367 1334 ita
403 1285 491 1332 sibi
529 1283 787 1351 persuasit,
836 1294 887 1329 ut
924 1283 969 1329 in
1008 1283 1358 1350 quaestionibus
1405 1282 1461 1330 de
1500 1283 1791 1331 Graecorum·
1834 1282 1923 1330 diis
1971 1283 2268 1331 instituendis
2315 1283 2473 1330 omnia
2517 1281 2575 1329 ab
2622 1282 2723 1349 ipso

303 1369 519 1415 Homero
557 1362 807 1431 repetenda
842 1381 943 1411 esse
980 1362 1254 1422 censeret3).
1327 1364 1473 1411 Recte
1512 1364 1657 1430 igitur
1691 1364 1939 1412 statuimus
1988 1363 2128 1412 etiam
2174 1381 2336 1412 vocem
2388 1362 2726 1431 Τριτογένεια

308 1448 549 1496 notionem
603 1444 820 1491 habuisse
868 1461 895 1490 a
944 1455 1172 1491 vetustate
1220 1443 1437 1491 traditam
1494 1455 1541 1491 et
1595 1444 1716 1512 apud
1765 1443 1970 1492 Graecos
2018 1444 2130 1492 satis
2175 1443 2514 1511 pervulgatam.
2589 1441 2724 1506 Quae

305 1528 458 1597 qualis
496 1526 639 1574 fuerit
675 1524 803 1572 notio
840 1525 1162 1585 coniiciemus,
1201 1525 1237 1571 si
1274 1524 1417 1571 verba
1453 1525 1710 1574 Pausaniae
1749 1526 1807 1585 L,
1848 1527 1949 1586 14„
1988 1525 2044 1572 δε
2083 1524 2261 1592 ,,υ“πὲρ
2305 1518 2366 1576 δὲ
2413 1521 2726 1591 τόνΚερα-

304 1607 497 1675 μ-εικόν
532 1610 626 1659 καὶ
662 1603 841 1657 στοοέν
889 1603 995 1671 τήν
1029 1609 1375 1671 καλουμένην
1419 1604 1522 1672 τήν
1555 1609 1838 1671 βασίλειον
1881 1605 2017 1667 ναός
2063 1609 2220 1658 ἐστιν
2259 1604 2588 1673 Ἡφαίστου·
2637 1609 2728 1656 καὶ

305 1688 395 1743 ὅτι
438 1689 548 1755 μὲν
594 1684 816 1752 ἄγαλμα
866 1695 923 1739 οἱ
962 1687 1309 1756 παρέστηκεν
1353 1685 1631 1754 Ἀθηνᾶς,
1683 1682 1848 1739 οὐδὲν
1890 1687 2097 1753 θαῦμα
2141 1684 2448 1754 ἐποιούμην
2492 1683 2598 1738 τόν
2640 1688 2730 1738 ἐπὶ

303 1770 645 1838 Ἐριχθονίῳ
682 1766 1058 1834 ἐπιστάμενος
1093 1766 1277 1833 λόγον·
1324 1766 1389 1820 τό
1436 1764 1497 1819 δὲ
1541 1770 1762 1834 ἄγαλμα
1804 1768 1950 1836 ὁρῶν
1983 1768 2239 1835 -’Λθηνᾶς
2273 1765 2542 1834 γλαυκούς
2586 1770 2729 1834 ἔχον

307 1850 440 1911 τούς
471 1848 831 1916 ὀφθαλμούς,
865 1847 1086 1912 Λιβύων
1130 1847 1233 1900 τόν
1272 1850 1476 1912 μῦθον
1520 1851 1792 1914 εὕρισκον·
1837 1847 2056 1910 τούτοις
2089 1847 2194 1916 γάρ
2237 1854 2395 1902 ἐστιν
2440 1849 2729 1917 εἰρημένον

306 1924 651 1990 Ποσειδῶνος
695 1936 789 1981 καὶ
831 1932 1023 1994 λιμνης
1072 1925 1398 1996 Τριτῶνιδος
1444 1930 1736 1996 θυγατέρα
1775 1927 1935 1989 εἶναι,
1978 1935 2070 1981 καὶ
2108 1927 2197 1981 διοὶ
2243 1932 2416 1982 τοῦτο
2462 1926 2732 1995 γλαυκούς

307 2011 445 2064 εἶναι
480 2011 666 2079 ὥσπερ
693 2014 806 2067 ,καὶ
840 1999 1143 2062 Ποσειδῶνι
1192 2008 1324 2071 τούς
1367 2009 1701 2078 ὀφθαλμούς
1746 2040 1814 2047 -
1861 2030 1966 2060 cum
2015 2013 2071 2059 iis
2116 2011 2565 2079 comperaverimus,
2611 2027 2729 2077 quae

306 2093 429 2159 apud
465 2092 664 2140 eundem
704 2093 764 2153 L,
806 2093 907 2151 18.‚
945 2094 994 2139 2.
1034 2104 1080 2139 et
1114 2093 1237 2159 apud
1273 2094 1616 2160 Apollodorum
1654 2093 1714 2153 L,
1755 2095 1856 2153 14.‚
1895 2094 1942 2141 6.
1982 2090 2265 2159 leguntur⁴).

516 2174 589 2221 Ex
648 2172 721 2221 his
778 2173 984 2241 primum
1032 2174 1316 2239 colligimus,
1367 2174 1493 2241 quod
1548 2192 1693 2241 supra
1749 2174 2020 2239 attigimus,
2076 2185 2279 2222 veterem
2337 2173 2480 2221 fuisse
2538 2172 2729 2232 famam,

309 2255 508 2303 Athenis
544 2273 572 2302 a
606 2254 823 2302 Vulcano
860 2265 907 2301 et
941 2255 1093 2302 Terra
1129 2254 1278 2301 filium
1314 2267 1629 2322 procreatum,
1667 2255 1958 2321 eundemque
1994 2255 2127 2322 quasi
2175 2251 2521 2319 αὐτόχθονα
2556 2252 2731 2299 Miner-

308 2355 393 2385 vae
449 2335 708 2383 curandum
757 2353 857 2383 esse
902 2335 1131 2384 oblatum.
1207 2335 1464 2403 Complura
1511 2335 1618 2383 inde
1666 2354 1796 2384 sacra
1839 2347 1942 2384 orta
1988 2346 2127 2396 sunt,
2175 2335 2344 2402 quibus
2392 2333 2729 2382 Erichthonius

307 2418 367 2467 ab
414 2416 680 2479 Pandroso,
726 2417 906 2478 Herse,
946 2417 1190 2485 Aglauro,
1247 2417 1469 2485 Cecropis
1523 2415 1709 2466 filiabus
1767 2418 1971 2467 nutritus
2029 2415 2368 2477 celebraretur,
2428 2433 2546 2483 quae
2600 2433 2731 2463 sacra

308 2517 455 2567 quum
493 2498 550 2546 ad
585 2499 926 2565 agriculturam
964 2510 1208 2566 terraeque
1246 2498 1531 2545 fertilitatem
1557 2499 1860 2565 pertinerent,
1899 2498 2022 2547 haud
2060 2498 2199 2545 dubie
2235 2515 2342 2545 cum
2368 2497 2497 2545 cultu
2521 2497 2730 2564 Neptuni

308 2593 356 2628 et
390 2581 630 2627 Minervae
666 2598 721 2627 ex
757 2579 1017 2626 Tritonidis
1055 2579 1193 2627 undis
1230 2591 1356 2626 ortae
1393 2579 1643 2626 coniuncta
1678 2591 1810 2627 erant
1844 2579 1950 2646 (cfr.
1990 2579 2170 2627 Herod.
2211 2579 2319 2640 1V.,
2360 2579 2474 2627 178.
2502 2589 2549 2626 et
2575 2578 2729 2644 191.).

308 2660 455 2726 Quod
491 2671 642 2708 autem
684 2660 743 2707 ad
779 2659 979 2709 eundem
1017 2660 1197 2708 cultum
1235 2661 1373 2708 etiam
1411 2660 1503 2708 alia
1539 2661 1585 2707 in
1623 2661 1727 2709 aliis
1764 2662 1877 2709 locis
1914 2679 2045 2710 sacra
2092 2672 2327 2728 spectant,
2373 2660 2503 2708 velut
2539 2659 2731 2728 Aliphe-

309 2743 519 2791 rensium
559 2743 603 2787 in
639 2739 890 2807 Arcadia-¹⁵)
927 2753 972 2788 et
1008 2742 1469 2790 Alalcomenensium
1508 2742 1554 2788 in
1592 2742 1849 2809 Boeotia⁶),
1887 2743 1966 2810 qui
2005 2739 2188 2789 flumini
2226 2741 2452 2810 templum
2489 2741 2730 2788 Minervae

308 2823 666 2893 praeterlabenti
703 2823 916 2870 Tritonis
954 2842 1122 2870 nomen
1171 2824 1419 2883 dederant,
1468 2835 1519 2870 ut
1562 2823 1689 2869 illam
1736 2823 1791 2870 de
1828 2823 1939 2871 deae
1987 2834 2094 2870 ortu
2140 2823 2344 2871 fabulam
2389 2841 2482 2870 non
2519 2841 2547 2870 a
2582 2822 2732 2888 Lybia

519 2949 546 2991 ¹)
572 2947 641 2981 Cfr.
667 2948 815 2981 Nitzsch.
840 2949 896 2981 ad.
921 2947 1025 2981 Hom.
1052 2949 1118 2981 Od.
1143 2949 1202 2989 ΙΙ.,
1226 2961 1260 2993 p.
1287 2952 1341 2981 96.

514 3006 546 3049 ²)
572 3007 746 3039 Hermann
770 3006 920 3045 „Lehrb.
948 3007 980 3039 d.
1004 3017 1038 3049 g.
1065 3007 1211 3040 Alterth.
1237 3008 1270 3040 d.
1298 3007 1357 3040 Gr.
1382 3018 1415 3040 u.
1440 3007 1508 3039 R.“
1534 3006 1564 3047 §-
1591 3009 1622 3037 2.
1648 3011 1730 3039 extr.

515 3065 546 3109 ³)
573 3064 812 3098 Schoenborn:
837 3065 976 3105 „Ueber
999 3066 1060 3099 das
1085 3065 1212 3099 Wesen
1234 3065 1427 3109 Apollo's“.
1452 3064 1543 3097 Berl.
1574 3067 1669 3105 1855,
1694 3077 1726 3108 p.
1752 3069 1806 3098 32.
1832 3072 1865 3099 et
1889 3069 1944 3098 33.

512 3124 544 3166 ⁴)
570 3122 718 3156 Creuzer
740 3122 918 3166 „Symboh
944 3124 1022 3163 111„
1047 3135 1079 3166 p.
1104 3126 1182 3156 388.
1208 3134 1282 3166 sqq.

512 3196 542 3238 ⁵)
568 3192 638 3227 Cfr,
662 3192 812 3226 Pausgn.
837 3193 950 3234 VIII„
980 3197 1047 3233 26„
1075 3197 1106 3226 6.
1139 3185 1199 3221 ui
1227 3180 1305 3225 Διᾶς
1350 3200 1384 3221 τι
1424 3182 1596 3234 ἱδςῦτιιντο
1634 3180 1806 3233 Λεχιιῖτου
1848 3180 1962 3233 βομᾶυ
2000 3180 2059 3222 lire
2093 3186 2245 3223 irraeUSu
2283 3181 2342 3224 τὺ
2386 3182 2529 3225 Ἀθηνὶο
2568 3175 2727 3232 ταοήος,

582 3255 644 3292 καὶ
673 3250 781 3304 utpium
811 3255 955 3291 καλοῦσι
984 3251 1177 3304 Τριτόηδα,
1207 3250 1262 3291 τὸ
1291 3257 1345 3291 ἰπὶ
1373 3247 1422 3305 ¹¹1:
1450 3256 1583 3303 Τρίτωνι
1612 3252 1813 3302 οἰκειοίμυοι
1843 3251 1953 3300 λίνον.

514 3324 545 3366 s)
571 3323 718 3357 Pausan.
743 3322 819 3362 IX..
844 3326 911 3363 33„
937 3326 967 3355 7.
993 3329 1077 3356 extr.
1128 3322 1215 3356 Con.
1243 3320 1355 3355 Strab.
1381 3323 1457 3362 IX„
1483 3333 1515 3366 p.
1542 3326 1618 3354 430.
