2928 3733
1305 78 1608 125 -6-

450 212 669 281 Ἀθήνη
714 215 812 263 sive
854 214 1132 282 Ἀθηναίη
1185 214 1308 282 apud
1349 215 1615 264 Homerum
1671 215 1974 282 praecipuum
2027 234 2129 264 esse
2176 214 2288 263 deae
2336 233 2504 264 nomen
2554 216 2662 264 inde

246 297 557 363 intelligitur,
605 295 731 363 qnod
777 296 976 344 alterum
1022 313 1192 344 nomen
1238 295 1452 356 Πάλλας
1500 313 1738 363 nunquam
1784 300 2032 363 separatim
2078 295 2310 364 positum,
2358 296 2662 364 sed-aliquot

248 378 362 425 locis
405 395 444 425 11Ε
470 378 692 425 Dammio
731 378 776 424 in
815 377 962 424 lexico
1009 377 1162 425 ailatis
1210 395 1314 424 cum
1364 395 1478 425 voce
1536 375 1753 442 Ἀθήνη
1807 378 2109 426 coniunctum
2170 378 2416 445 reperitur.
2499 378 2662 441 Quare

246 458 553 526 improbanda
587 458 773 506 videtur
809 458 871 505 Ο.
910 457 1129 505 Muelleri
1166 459 1424 519 sententia,
1461 458 1541 525 qui
1579 457 1665 505 hoc
1701 458 1889 526 quidem
1928 476 2098 507 nomen
2145 457 2362 508 adiectivi
2409 459 2504 507 vim
2542 458 2660 507 obti-

246 556 355 586 nere
392 551 566 601 censet,
604 558 697 607 quo
734 539 868 587 deam
908 539 1035 588 illam
1085 539 1419 586 Atheniensem
1468 557 1568 587 esse
1612 539 1903 606 significetur
1925 538 1976 605 ¹).
2051 540 2368 589 Verisimilius
2413 550 2482 589 est
2534 541 2659 589 enim

246 621 349 669 urbi
398 639 567 669 nomen
617 640 642 669 a
691 621 777 670 dea
823 640 922 670 esse
980 619 1206 680 inditum,
1268 619 1401 667 cuius
1462 620 1685 688 templum
1744 620 2082 687 antiquissimis
2125 623 2414 690 temporibus
2460 621 2506 669 in
2554 640 2661 670 arce

245 703 474 771 Cecropia
508 715 630 751 esset
665 704 960 752 collocatum.
1036 701 1161 748 Satis
1197 701 1320 749 enim
1359 712 1540 749 constat
1574 701 1695 750 hami
1735 720 1881 769 pauca
1918 702 2126 751 locorum
2163 715 2210 752 et
2246 705 2430 752 urbium
2470 704 2660 750 nomina

244 803 269 831 a
319 783 408 831 diis
444 783 713 833 domesticis
748 802 848 832 esse
886 780 1197 850 repetenda2).

448 866 580 913 Nihil
618 878 774 914 autem
811 865 930 912 lucis
968 864 1032 910 rei
1071 863 1238 912 dubiae
1279 866 1306 911 ii
1357 865 1588 923 afferunt,
1632 866 1712 932 qui
1758 865 1985 931 singulari
2036 884 2231 914 numero
2276 868 2439 925 deam,
2489 864 2658 932 plurali

245 947 408 994 urbem
446 959 636 994 censent
671 946 944 1012 significari,
983 946 1256 1011 praesertim
1293 963 1438 1011 quum
1476 947 1521 992 in
1554 945 1707 992 medio
1734 946 2026 1013 relinquant,
2073 959 2177 995 utra
2214 948 2390 995 notatio
2428 947 2556 1014 prior
2578 946 2654 991 sit.

247 1027 344 1090 Qui
382 1028 419 1074 si
458 1028 668 1075 Athenas
705 1027 808 1074 ideo
845 1025 1015 1092 plurali
1056 1043 1251 1071 numero
1301 1025 1445 1073 dictas
1494 1045 1593 1073 esse
1629 1038 1812 1093 putant,
1849 1028 2070 1093 quoniam
2109 1039 2224 1076 teste
2261 1027 2511 1075 Plutarcho
2548 1025 2654 1091 (cfr.

245 1107 388 1156 Thes.
416 1126 457 1157 c.
480 1105 605 1173 24.),
640 1106 852 1155 Theseus
890 1105 1103 1154 undecim
1143 1106 1419 1173 oppidorum
1458 1107 1654 1174 populos
1692 1107 1737 1154 in
1777 1126 1922 1156 unum
1960 1109 2186 1174 coegisse,
2224 1127 2407 1176 unaque
2442 1108 2571 1155 curia
2613 1119 2659 1154 et

247 1190 522 1254 magistratu
559 1189 758 1235 Athenis
794 1188 1048 1235 constituto
1085 1205 1394 1254 congreg-asse
1417 1188 1644 1249 tradatur,
1683 1189 1839 1236 inania
1867 1200 1913 1236 et
1946 1207 2112 1258 parum
2150 1189 2407 1257 probabilia
2441 1188 2660 1237 videntur

245 1271 495 1319 commenti
532 1288 648 1318 esse.
724 1268 1036 1336 Principalem
1074 1270 1201 1317 vocis
1239 1270 1436 1318 formam
1474 1282 1520 1317 et
1554 1271 1685 1337 quasi
1724 1269 1924 1319 radicem
1976 1272 2022 1319 in
2068 1272 2221 1338 prima
2263 1271 2443 1338 syllaba
2489 1271 2657 1330 inesse,

243 1354 436 1402 alteram
476 1352 674 1399 l'ormam
711 1380 779 1387 —
815 1348 915 1417 η’νη
955 1370 1054 1398 esse
1093 1350 1369 1412 devivatam,
1408 1370 1463 1399 ex
1500 1352 1778 1419 comparatis
1815 1352 2117 1401 substantivis
2140 1351 2344 1414 Ἀτθίς
2368 1364 2413 1400 et
2436 1349 2661 1417 Ἀττική

249 1438 348 1483 iure
386 1434 662 1495 coniicitur3
702 1431 818 1479 nihil
856 1443 1011 1480 tamen
1049 1451 1100 1480 ea
1139 1451 1188 1480 re
1224 1434 1280 1481 ad
1317 1450 1478 1481 vocem
1516 1432 1839 1481 declarandam
1877 1433 2039 1501 profici
2076 1433 2136 1483 G.
2176 1434 2316 1500 Muys
2353 1452 2500 1501 nuper
2535 1446 2658 1482 recte

244 1516 482 1584 professus
519 1513 649 1579 est3).
725 1513 854 1561 Idem
892 1531 998 1560 cum
1037 1515 1192 1562 Pottio
1229 1525 1352 1561 recte
1390 1514 1628 1574 iudicavit,
1667 1514 1865 1562 formam
1902 1545 1970 1552 —
2005 1512 2152 1580 ηνός,
2190 1532 2328 1581 quam
2366 1513 2528 1563 dicunt
2562 1515 2660 1563 suf·

241 1598 399 1657 fixam,
437 1606 484 1643 et
519 1595 576 1642 ad
614 1594 712 1642 sola
749 1595 844 1642 fere
882 1594 983 1642 loca
1007 1606 1134 1642 extra
1160 1594 1406 1643 Graeciam
1433 1595 1521 1642 sita
1548 1595 1795 1661 pertinere,
1833 1607 1879 1644 et
1904 1607 2146 1644 accentum
2184 1595 2455 1661 aversari.⁴)
2515 1595 2656 1658 Quod

241 1689 397 1724 autem
435 1676 514 1723 ille
551 1676 742 1736 suadet,
781 1687 832 1722 ut
869 1693 923 1722 ex
959 1675 1068 1723 deae
1118 1686 1283 1722 natura
1319 1675 1549 1741 originem
1598 1686 1644 1722 et
1690 1677 1974 1725 notationem
2025 1676 2227 1724 nominis
2273 1687 2560 1742 repetamus,
2611 1675 2655 1723 id

243 1771 417 1806 metum
454 1757 609 1818 affert,
648 1775 706 1804 ne
742 1757 845 1823 quis
882 1775 966 1804 suo
1004 1756 1170 1804 ductus
1207 1756 1400 1804 arbitrio
1426 1756 1732 1824 symbolicam
1758 1759 1908 1824 magis
1933 1776 2072 1824 quam
2098 1776 2256 1805 veram
2294 1756 2405 1804 deae
2442 1769 2653 1804 naturam

244 1839 474 1906 respiciat.
550 1838 604 1884 ln
642 1855 750 1884 eum
788 1855 994 1885 errorem
1033 1837 1093 1885 G.
1133 1838 1271 1904 Muys
1309 1837 1526 1884 incidisse
1562 1837 1774 1897 videtur,
1812 1856 1957 1905 quum
1995 1849 2179 1897 censet,
2226 1837 2487 1886 Minervam
2536 1838 2656 1885 aeris

242 1920 374 1967 deam
411 1936 510 1965 esse
545 1918 617 1965 vel
655 1937 764 1965 aera
800 1918 1082 1984 significare,
1120 1937 1314 1984 eamque
1350 1918 1472 1965 inter
1516 1918 1674 1966 lovem
1714 1931 1760 1966 et
1793 1919 2086 1986 Neptunum,
2124 1918 2248 1966 unde
2283 1929 2385 1965 orta
2421 1919 2497 1978 sit,
2523 1919 2654 1984 quasi

243 2000 442 2047 mediam
501 2017 599 2045 esse
649 2011 693 2045 et
748 2002 940 2046 versari.
1027 2000 1156 2046 Idem
1213 1999 1290 2045 ille
1348 2010 1705 2063 argumentatur
1751 2000 1861 2065 quia
1907 2000 2027 2046 aeris
2073 2010 2119 2046 et
2162 2000 2345 2046 animae
2399 2009 2445 2045 et
2488 2000 2656 2045 mentis

241 2091 465 2145 cognatae
502 2080 594 2126 sint
631 2080 862 2140 notiones,
900 2079 1000 2126 lieri
1029 2080 1162 2127 facile
1188 2080 1410 2146 potuisse,
1450 2090 1501 2125 ut
1537 2079 1606 2125 vis
1633 2079 1712 2126 illa
1739 2079 1963 2126 naturalis
1987 2079 2045 2127 ad
2070 2079 2280 2127 animum
2307 2077 2651 2126 transferretur.

240 2161 335 2227 lpsi
374 2160 543 2206 latinae
579 2162 679 2207 voci
717 2161 958 2207 Minervae
996 2160 1114 2207 hanc
1152 2159 1312 2220 llandi,
1350 2158 1575 2226 spirandi,
1604 2158 1828 2220 irruendi,
1855 2159 2043 2207 subesse
2063 2159 2299 2207 notionem
2337 2156 2443 2224 (cfr.
2465 2159 2653 2223 μένος,

234 2241 481 2306 μέμονα,
512 2241 721 2307 μέμαα,
756 2239 896 2305 μάω,
931 2237 1156 2306 μαιμάω
1204 2258 1458 2306 eorumque
1503 2240 1704 2288 radicem
1753 2240 2070 2287 sanson-iticam
2120 2244 2196 2287 ma
2232 2237 2367 2286 Benl'.
2410 2239 2493 2296 ll.,
2531 2239 2651 2304 34).

239 2321 513 2369 Semiticam
571 2322 609 2369 si
655 2339 976 2389 comparemus
1038 2322 1269 2387 originem
1291 2356 1305 2381 ,
1357 2322 1620 2370 Minervam
1675 2320 1862 2388 quidem
1917 2320 2110 2368 eandem
2164 2319 2311 2368 videri
2365 2338 2465 2367 esse
2518 2332 2655 2387 atque

241 2402 529 2450 Phoenicum
568 2403 771 2465 Tanith3
816 2404 1029 2470 iniquum
1068 2413 1222 2450 tamen
1261 2421 1358 2450 esse
1395 2402 1528 2450 deam
1567 2402 1793 2451 Graecam
1831 2402 1889 2449 ab
1925 2402 2094 2449 exteris
2130 2401 2396 2449 nationibus
2432 2400 2652 2449 adscitam

242 2501 444 2531 censere.
522 2484 702 2533 Contra
744 2484 988 2532 Benfeium
1040 2482 1135 2548 (1.,
1184 2482 1321 2549 78.),
1359 2484 1437 2551 qui
1476 2502 1644 2532 nomen
1682 2483 1923 2530 Minervae
1959 2501 1986 2530 a
2021 2482 2175 2530 radice
2215 2482 2331 2529 ehad
2367 2511 2434 2517 -——
2470 2480 2653 2542 ἄνθος

243 2565 388 2626 ducit,
426 2583 621 2631 eamque
660 2564 902 2612 florentem
940 2565 1072 2612 deam
1101 2564 1449 2629 interpretatur,
1487 2565 1626 2630 Muys
1660 2562 1876 2629 Ἀθήνη
1915 2582 1999 2630 pro
2033 2561 2318 2628 Ἀ-θήνη
2356 2562 2481 2626 (coll.
2522 2562 2656 2614 'A—

241 2643 457 2711 θάμας)
494 2646 698 2712 positum
738 2645 986 2705 existimat,
1024 2662 1163 2710 quam
1203 2643 1400 2691 formam
1438 2662 1465 2690 a
1501 2643 1595 2691 dhu
1631 2668 1698 2685 Ξ
1743 2643 1866 2695 θύω
1904 2645 1968 2690 ita
2004 2644 2197 2711 repetit,
2247 2654 2299 2689 ut
2332 2642 2547 2689 Minerva
2594 2643 2656 2689 sit

238 2737 319 2774 aut
355 2724 562 2775 conllans
598 2725 671 2774 vel
708 2724 844 2774 valde
881 2724 1026 2786 flans,
1076 2736 1157 2772 aut
1204 2723 1271 2789 (si
1310 2725 1345 2775 οἱ
1380 2750 1446 2765 z
1483 2723 1593 2777 ἄνοι’
1627 2724 1726 2791 est)
1766 2744 1953 2772 sursum
2000 2723 2134 2771 ssans.
2211 2726 2530 2772 Veruntamen
2567 2725 2653 2770 etsi

245 2805 369 2859 θύω
409 2818 453 2853 et
490 2826 643 2866 voces,
682 2826 800 2873 quae
837 2805 896 2853 ab
933 2825 987 2852 eo
1025 2804 1278 2863 fluxerunt,
1317 2825 1451 2873 saepe
1488 2806 1543 2853 de
1581 2807 1725 2853 sacris
1760 2806 1833 2853 vel
1872 2806 1928 2852 de
1964 2810 2114 2852 ventis
2151 2816 2399 2874 usurpatae
2420 2805 2654 2853 notionem

446 3015 472 3057 ¹)
498 3015 603 3057 Apud
628 3014 807 3047 Erschium
831 3020 865 3047 et
889 3013 1080 3048 Gruberum
1106 3012 1199 3045 Part.
1220 3012 1278 3052 X.‚
1303 3023 1335 3056 p.
1362 3016 1414 3046 76.
1441 3023 1511 3055 seq.
1561 3012 1629 3046 Cfr.
1651 3011 1736 3046 otfr.
1754 3011 1900 3045 Mueller
1923 3011 2104 3052 „Kleinere
2121 3011 2315 3046 Schriften“
2333 3010 2392 3050 11„
2421 3014 2494 3051 136,
2511 3018 2580 3045 not.
2604 3016 2655 3045 15.

441 3074 471 3116 ²)
497 3073 567 3106 cfr.
594 3072 633 3105 C.
659 3072 699 3104 F.
724 3073 899 3105 Hermann
923 3071 1074 3112 „Lehrb.
1100 3072 1133 3103 d.
1158 3072 1401 3114 gottesdienstl.
1427 3072 1684 3104 Altenhnmeff‘
1710 3072 1742 3104 d.
1769 3070 1973 3105 Griechen.“
2020 3071 2049 3112 §-
2080 3074 2132 3104 15.

492 3130 653 3165 Panoska
676 3142 730 3171 „v-
757 3131 789 3162 d.
814 3130 961 3164 Einfluss
985 3131 1046 3163 der
1070 3129 1190 3163 Gotter
1213 3129 1274 3162 auf
1294 3130 1348 3162 die
1372 3129 1600 3162 Ortsnamen“
1624 3131 1674 3162 in:
1699 3130 1839 3170 ‚,Abhd.
1864 3130 1897 3161 d.
1923 3128 2012 3161 Berl.
2037 3130 2148 3164 Aead.
2173 3140 2252 3173 pag.
2277 3130 2468 3160 aas—³82.
2495 3128 2587 3161 Serv.
2613 3130 2657 3161 ad

718 3188 815 3231 Virg.
841 3189 967 3231 Georg.
1015 3188 1057 3226 1.‚
1087 3191 1136 3219 12.

440 3250 469 3290 ³)
496 3248 565 3280 Csr.
593 3248 844 3281 Griechenland
869 3257 900 3278 11.
926 3248 958 3278 (1.
984 3246 1139 3279 Orient.“
1187 3257 1220 3287 p.
1246 3250 1277 3276 4.
1303 3256 1373 3288 seq.

437 3307 467 3350 ⁴)
494 3305 563 3340 cfr.
588 3306 735 3349 Krnger.
761 3304 821 3339 Gr.
847 3305 877 3346 §-
904 3308 969 3344 41..
996 3308 1026 3337 9.
1074 3309 1144 3338 not.
1170 3306 1202 3337 6.
1250 3302 1338 3336 Coll.
1364 3303 1393 3343 ξ.
1423 3306 1473 3335 11.
1521 3309 1591 3336 not-
1617 3306 1670 3335 21.
