2928 3733
1288 89 1628 145 -19—

251 224 476 273 adscitam
514 224 913 285 demonstrarent,
956 224 1037 271 sed
1079 241 1181 272 eam
1225 225 1313 272 sibi
1361 226 1597 292 propriam
1643 224 1959 286 vindicarent,
2009 224 2055 271 id
2102 242 2157 272 eo
2201 222 2526 291 explicandum
2571 235 2658 286 est,

249 303 376 373 quod
411 303 557 370 apud&
569 305 834 352 Homerum
869 304 1045 371 singuli
1082 305 1155 352 dei
1191 322 1276 352 sua
1311 306 1482 354 babent
1516 307 1635 366 loca,
1673 323 1792 373 quae
1828 306 2075 373 praecipuo
2111 322 2270 352 amore
2293 303 2653 372 amplectuntur.

247 382 465 451 Namque
500 383 673 450 Apollo
710 384 919 452 Chryse,
957 384 1108 445 Cilla,
1145 385 1362 447 Tenedo,
1392 387 1510 434 luno
1545 387 1710 453 Argis,
1745 386 1972 453 Mycenis,
2009 385 2376 444 Lacedaemone,
2410 385 2658 452 Neptunus

246 463 413 529 Aegis,
449 464 615 512 Venus
661 463 821 532 Papho
868 466 1067 514 maxime
1113 466 1402 517 delectantur
1425 466 1474 533 ¹).
1548 470 1692 515 Poeta
1737 466 1881 532 igitur
1924 484 2069 534 quum
2106 467 2370 515 Minervam
2420 466 2661 531 Τριτογέ-

247 560 406 595 νειαν
438 555 592 603 vocat,
629 562 722 610 non
758 545 910 596 solum
948 556 1127 605 eertum
1164 544 1340 608 locum,
1376 565 1469 615 quo
1505 547 1590 595 dea
1626 565 1681 594 ex
1717 547 1861 614 patris
1897 547 2044 614 capite
2093 546 2339 614 progenita
2375 546 2463 606 sit,
2510 545 2659 593 nomi-

247 634 345 685 nat,
381 624 462 672 sed
499 623 622 673 idem
659 638 874 674 naturam
911 626 1022 675 deae
1059 628 1413 695 prosperitatem
1450 638 1495 677 et
1531 628 1817 676 fertilitatem
1854 628 2095 694 afferentis·
2124 645 2182 692 eo
2223 625 2483 693 significat,
2531 626 2655 694 quod

247 704 376 757 illam
412 722 557 772 prope
593 704 767 754 flumen
805 706 918 755 dicit
953 725 1052 756 esse
1089 719 1263 757 natam.
1337 708 1425 757 Est
1458 720 1613 757 autem
1651 708 1961 775 simplicitatis
2009 719 2055 756 et
2082 692 2432 775 'perspicuitatis
2482 709 2655 776 epicae,

245 784 378 845 deos,
413 786 626 853 quamvis
662 788 821 836 omnia
855 799 902 836 et
936 806 1071 855 posse
1107 800 1154 838 et
1188 807 1325 838 nosse
1361 787 1673 855 credantur2),
1712 807 1804 837 non
1842 789 2012 856 ubique
2032 815 2035 817 Δ
2057 806 2110 836 ac
2133 805 2338 855 ‚prorsus
2383 806 2410 835 a
2445 789 2655 836 sensibus

245 877 485 914 sevocatos
520 868 752 935 cogitare,
789 869 869 917 sed
905 871 1036 937 quasi
1075 881 1340 938 praesentes
1373 888 1428 917 ac
1463 871 1593 918 vivos
1641 869 1701 916 ob
1748 870 1907 918 oculos
1954 871 2213 939 hominum>
2235 857 2425 936 ponere.
2498 868 2656 932 Quare

243 947 314 1008 lit,
352 957 404 994 ut
440 949 631 997 nomina
666 949 876 998 locorum
913 953 1045 1017 quasi
1082 951 1297 998 ornantia
1331 950 1557 1017 quaedam
1594 950 1798 1018 epitheta
1844 950 2039 998 deorum
2077 949 2345 998 nominibus
2381 950 2520 997 etiam
2557 961 2654 997 tum

242 1026 501 1090 addantur,
538 1047 683 1097 quum
722 1030 778 1078 de
814 1033 966 1098 prima
1013 1033 1220 1099 ratione,
1270 1048 1388 1099 quae
1434 1031 1553 1079 inter
1598 1030 1709 1078 deos
1759 1049 1811 1078 ac
1856 1031 1956 1078 loca
2003 1030 2273 1091 intercedit,
2321 1048 2413 1077 non
2459 1029 2657 1097 amplius

243 1109 478 1175 cogitatur
491 1108 546 1176 ³').

449 1190 526 1237 Ad
550 1193 915 1243 vetustissimam
951 1194 1078 1240 illam
1105 1194 1162 1240 de
1185 1194 1399 1240 Minerva
1430 1199 1772 1259 Τριτογενείᾳ
1797 1192 1999 1239 fabulam
2026 1193 2165 1239 etiam
2192 1192 2393 1258 hymnus
2417 1193 2654 1239 xxvln.

244 1273 450 1340 respicit,
488 1272 568 1320 ubi
604 1272 717 1320 baec
754 1273 981 1340 legimus:
1610 1328 1612 1331 ⁵
2018 1267 2020 1269 ¹

514 1349 748 1408 [1022an
777 1353 1094 1422 Ἀθηναίην
1117 1351 1323 1421 κυδρήν
1350 1353 1493 1407 θεὸν
1526 1353 1738 1421 ἄρχομ’
1760 1349 1975 1414 ἀείδειν,

516 1437 842 1499 γλαυκῶπιν,
877 1433 1205 1502 πολύμητιν,
1240 1434 1533 1501 ἅμειίλιχον
1565 1435 1702 1503 ἦτορ
1736 1440 2001 1501 ἔχουσαν,

516 1516 814 1582 παρθένον
850 1510 1082 1582 αἰδοίην,
1117 1516 1485 1583 ἐρυσίπτολιν,
1523 1515 1854 1582 ἀλκήεσσαν,

522 1599 842 1662 Τριτογενῆ·
878 1595 982 1662 τήν
1016 1594 1187 1658 αὐτός
1220 1599 1470 1662 ἐγείνατο
1503 1603 1741 1663 μητίετα
1776 1595 1910 1658 Ζευς

517 1679 723 1744 σεμνῆς
756 1681 815 1731 ἐκ
847 1678 1100 1747 κεφαλῆς,
1134 1675 1400 1745 πολεμήϊα
1437 1677 1615 1745 τεύχε’
1649 1680 1921 1744 ἔχουσαν,

514 1759 756 1825 χρύσεα,
790 1758 1226 1827 παμφανόωντα·
1264 1761 1432 1822 σέβας
1463 1756 1508 1811 δ’
1539 1764 1638 1825 ἔχε
1673 1758 1890 1821 πάντας
1908 1761 2169 1825 ὁρῶντας

516 1838 863 1900 ἀθανάτους·
900 1870 972 1894 -,

243 1920 415 1987 quibus
448 1919 604 1966 verbis
640 1921 824 1986 opinio,
861 1939 1001 1988 quam
1037 1920 1308 1970 scholiastes
1343 1921 1400 1968 ad
1436 1920 1593 1986 Apoll.
1628 1921 1784 1969 Rhod.
1813 1922 1898 1982 ll.,
1941 1923 2086 1969 1310.
2115 1922 2457 1989 pronunciavit,
2483 1921 2655 1969 samam

246 2000 303 2048 de
339 2000 424 2049 dea
460 2019 516 2047 ex
551 2001 676 2048 lovis
712 2003 861 2069 capite
906 2014 1013 2050 nata
1057 1999 1163 2050 inde
1199 2021 1226 2050 a
1261 2002 1514 2051 Stesichori
1561 2000 1750 2049 demum
1795 2002 2084 2068 temporibus
2119 2003 2441 2071 pervulgatam
2479 2021 2580 2050 esse
2597 2000 2653 2066 ⁴),

244 2083 357 2130 satis
393 2081 640 2129 refellitur.
714 2083 852 2146 Quae
886 2085 1011 2131 enim
1047 2084 1260 2132 Homero
1296 2095 1343 2131 et
1376 2083 1583 2130 Hesiodo
1622 2085 1921 2142 usitatissima
1955 2094 2067 2131 sunt
2101 2085 2304 2151 ephiteta
2351 2083 2655 2149 γλαυκῶπις

243 2175 290 2211 et
331 2163 697 2229 Τριτογένεια,
734 2181 788 2211 ea
829 2165 969 2213 etiam
1007 2166 1054 2212 in
1091 2164 1265 2232 hymno
1302 2182 1408 2212 eum
1445 2163 1598 2211 locum
1636 2163 1863 2223 obtinent,
1902 2176 1953 2211 ut
1988 2164 2047 2212 ad
2083 2165 2338 2231 imaginem
2374 2164 2486 2212 deae
2523 2181 2654 2211 accu-

243 2255 342 2291 rate
367 2243 678 2310 effingean
703 2245 981 2310 gravissima
1005 2263 1105 2293 esse
1139 2245 1401 2293 videantur.
1474 2245 1775 2312 Quapropter
1809 2262 1902 2292 non
1937 2257 2059 2293 recte
2092 2246 2262 2313 aliquis
2289 2245 2478 2307 iudicet,
2515 2245 2654 2293 verba

515 2354 585 2362 —
619 2323 726 2392 τήν
759 2325 930 2388 αὐτὸς
963 2330 1215 2392 ἐγείνατο
1250 2333 1485 2393 μητίετα
1520 2323 1654 2387 Ζεῦς
1689 2326 1897 2391 σεμνῆς
1931 2328 1992 2377 ἐκ
2024 2329 2260 2395 κεφαλῆς
2293 2338 2381 2375 cet.

243 2425 301 2456 ex
336 2407 611 2474 posterioris
646 2408 809 2457 aetatis
845 2408 1001 2457 indole
1035 2420 1174 2478 atque
1211 2411 1401 2478 ingenio
1437 2426 1534 2458 esse
1570 2406 1833 2455 subiuncta.
1906 2406 1976 2454 lta
2013 2424 2153 2474 quam
2191 2424 2333 2476 supra
2368 2405 2652 2455 ostendimus

245 2488 480 2556 duplicem
516 2488 629 2536 deae
674 2500 917 2551 naturam,
938 2491 1148 2539 'alteram
1193 2511 1222 2539 a
1268 2492 1479 2540 sensibus
1525 2499 1752 2536 remotam
1798 2488 1997 2553 virg-inis
2044 2507 2100 2535 ex
2138 2489 2261 2536 lovis
2308 2488 2457 2556 capite
2503 2498 2650 2545 natae,

244 2569 429 2617 divinae
466 2570 636 2617 mentis
673 2569 853 2637 plenae,
890 2573 1061 2622 artium
1087 2585 1134 2620 et
1157 2566 1418 2620 litterarum
1455 2569 1742 2629 inventricis,
1779 2568 2017 2635 physicam
2045 2569 2239 2617 alteram
2272 2570 2368 2617 sive
2394 2567 2648 2616 naturalem

243 2650 356 2699 deae
414 2651 462 2698 in
521 2650 707 2706 aethere
763 2651 1042 2715 habitantiS,
1103 2654 1389 2705 fertilitatem
1437 2650 1701 2711 fundentis,
1756 2648 1950 2697 eandem
2007 2650 2162 2698 verbis
2206 2650 2367 2718 hymni
2412 2649 2649 2718 perspicue

240 2732 455 2779 videmus
499 2749 783 2799 expressam.
856 2735 920 2780 Et
967 2735 1192 2782 naturalis
1247 2735 1433 2802 quidem
1479 2734 1590 2780 deae
1626 2733 1695 2778 vis
1742 2731 1970 2778 adiectivo
2020 2732 2357 2797 τριτογένεια
2405 2730 2647 2787 indicatur,

241 2813 433 2879 perinde
469 2825 608 2880 atque
644 2812 776 2875 Ζεύς
809 2816 1227 2883 νεφεληγερέτης
1262 2819 1357 2864 vim
1394 2827 1584 2864 naturae
1620 2823 1921 2879 generantem
1959 2807 2207 2878 significat.

448 2895 610 2961 ltaque
646 2895 743 2941 fllia
779 2897 966 2961 signum
1004 2914 1109 2942 cum
1148 2908 1278 2963 patre
1315 2897 1484 2963 ubique
1520 2912 1768 2941 commune
1805 2893 1943 2940 habet
1978 2893 2209 2963 aegidem,
2247 2912 2339 2960 quo
2377 2910 2466 2939 non
2494 2891 2648 2937 minus

241 2985 408 3022 natura
444 2974 556 3022 deae
592 2976 806 3024 aetherea
841 2995 980 3044 quam
1017 2977 1166 3024 virtus
1202 2977 1368 3025 bellica
1404 2975 1661 3036 indicatur-3
1699 2992 1798 3022 esse
1835 2974 2067 3041 quandam
2105 2974 2253 3022 eidem
2292 2992 2396 3020 cum
2430 2972 2648 3037 Neptuno

447 3137 474 3178 ¹)
500 3137 540 3168 11.
567 3137 606 3170 Ι..
631 3141 708 3176 38.;
733 3138 811 3172 coll.
836 3139 949 3178 XVI.‚
975 3143 1063 3178 514„
1090 3142 1187 3179 515.;
1213 3139 1289 3179 IV„
1315 3142 1346 3172 8.
1372 3144 1404 3171 et
1429 3141 1502 3173 52:
1528 3137 1586 3171 V..
1611 3139 1710 3172 908.;
1735 3137 1847 3169 xm..
1873 3140 1927 3168 21.
1952 3146 2047 3179 sqq.;
2073 3135 2139 3169 od.
2165 3136 2277 3168 vm..
2303 3139 2377 3167 361³.

442 3194 472 3237 ²)
499 3194 566 3227 Od.
591 3195 667 3234 1v.‚
693 3199 791 3237 379.;
816 3198 857 3231 11.
882 3197 994 3238 XVI.‚
1020 3201 1096 3229 515.

443 3253 474 3295 ³)
500 3252 570 3286 cfr.
595 3254 746 3288 Nitzsch.
771 3257 815 3288 ad
839 3257 942 3289 Hom.
968 3256 1033 3289 Od.
1059 3256 1099 3293 1.,
1125 3260 1178 3288 20.
1204 3266 1291 3299 sqq..
1316 3266 1394 3298 pag.
1424 3257 1495 3286 175.
1521 3273 1565 3278 ——
1590 3255 1836 3297 Naegelsbach.
1862 3254 2000 3285 Homer.
2027 3253 2149 3286 Theol.
2174 3265 2206 3295 p.
2237 3256 2286 3284 18.
2312 3263 2384 3294 sqq.

442 3313 473 3353 ⁴)
500 3311 682 3346 Stesichor.
709 3314 846 3357 Fragm.
874 3318 926 3348 76.
952 3317 1004 3349 ed.
1030 3316 1141 3348 Klein.

2378 3366 2403 3409 3
