2928 3733
1331 66 1673 113 -10—

283 198 503 247 Omnino.
532 200 603 246 vis
639 199 895 268 particulae
932 195 1002 252 δά
1040 200 1208 262 latius,
1243 218 1385 268 quam
1422 201 1570 269 vulgo
1614 201 1847 263 ereditur,
1893 213 2051 270 patere
2070 203 2313 265 -=videtur,
2359 224 2509 274 neque
2558 206 2711 274 inepte

286 277 492 330 iudicare
529 279 664 328 nobis
698 279 932 343 videmur,
970 299 1072 330 eam
1111 280 1159 329 in
1197 274 1406 344 δάπτω,
1435 276 1628 346 δασύς,
1664 275 1951 349 durbojum,
1978 276 2118 336 δαίω·
2148 282 2462 352 (AAR).·.et
2496 287 2543 335 in
2570 285 2712 340 vaffin-⁴-

285 372 441 409 mante
476 361 549 409 vel
587 362 921 429 comprobante
959 361 1040 412 illo
1077 357 1145 429 δή
1180 363 1392 430 reperiri,
1429 363 1555 431 quod
1591 376 1638 413 et
1670 364 1988 416 Buttmanuus
2025 365 2327 426 (εἴη-[αὔ.
2364 367 2447 427 2.,
2481 387 2533 435 p.
2573 369 2709 435 191.)

286 461 342 490 ex
377 441 670 491 adversativa
706 443 935 511 particula
971 438 1033 497 δὲ
1069 444 1328 512 profectum
1366 463 1467 495 esse
1504 465 1668 515 parum
1706 455 1830 493 recte
1866 457 2050 508 censet,
2097 459 2143 495 et
2186 447 2267 515 qui
2314 464 2465 514 nuper.
2498 449 2708 503 Passovii

286 523 465 571 lexicon
503 523 752 573 ediderunt
786 523 863 592 (v.
915 525 1004 574 lex.
1054 524 1127 574 ed.
1177 526 1326 594 quint.
1377 545 1415 575 s.
1465 527 1513 576 b.
1560 547 1606 576 v.
1657 546 1702 595 p.
1745 524 1901 593 611.)
1945 527 2154 579 eiusdem
2199 528 2400 596 originis
2446 546 2569 578 cum1
2596 549 2709 580 voce

281 599 442 670 δῆλος
478 624 578 653 esse
614 618 753 674 atque
789 625 817 654 a
852 601 1053 673 δαῆναι
1090 608 1285 656 for-nasse
1320 610 1625 675 repetendum
1661 627 1761 656 esse
1795 609 1873 656 vix
1909 610 2011 658 iure
2035 610 2315 677 opinantur.

491 688 714 736 Ceterum
763 706 908 756 quum
959 689 1148 737 nomina
1202 686 1414 750 Πάλλας
1467 688 1684 756 Ἀθήνη
1740 688 1832 737 iam
1889 688 2247 758 antiquissimis.
2277 691 2369 740 illis
2421 692 2708 758 temporibus

283 768 412 816 iuxta
448 770 598 837 posita
635 770 948 838 reperiantur,
986 770 1157 837 quibus
1195 771 1316 818 inter
1350 768 1580 836 adjectiva
1615 782 1661 820 et
1696 769 1985 820 substantiva
2029 790 2124 824 nou
2162 772 2226 823 ita
2255 771 2512 838 diligenter
2545 771 2708 822 distin·

284 851 535 915 guebatur,
573 852 795 899 credibile
831 862 929 911 est,
977 869 1139 898 vocem
1186 847 1399 916 Ἀθήνη
1439 852 1498 899 ad
1545 850 1758 913 Πάλλας
1803 851 2132 913 &alffinus-39
2178 854 2242 900 ita
2284 853 2542 920 appositam
2586 872 2705 914 esse,

285 942 336 976 ut
371 928 586 994 Πάλλας
620 929 837 997 Ἀθήνη
875 932 1187 999 compositum
1225 933 1356 1000 quasi
1394 933 1456 981 sit
1490 936 1553 986 ἐν
1575 931 1891 1001 παραθέσει
1927 930 2034 999 (cfr.
2064 934 2251 1000 Krnger
2282 932 2367 983 Gr.
2407 932 2493 983 Gr.
2535 932 2584 1001 ἓ.
2622 935 2709 996 57,

285 1015 330 1059 1.
371 1024 431 1059 ct.
472 1012 579 1059 adn.
623 1011 700 1077 1.)
746 1013 871 1079 quod
908 1013 985 1059 ubi
1025 1013 1075 1060 fit
1112 1013 1306 1061 deorum
1345 1014 1391 1060 in
1433 1004 1726 1075 nominibuS,
1764 1013 1990 1061 articulus
2027 1026 2109 1063 aut
2144 1013 2215 1061 bis
2252 1016 2360 1081 poni
2398 1026 2479 1063 aut
2513 1033 2706 1083 prorsus

283 1094 436 1140 omitti
475 1093 594 1139 solet
641 1091 756 1157 (cfr.
799 1095 986 1158 Rrssger
1022 1093 1107 1141 Gr.
1149 1094 1235 1141 Gr.
1282 1094 1328 1160 ἓ.
1369 1096 1483 1153 50.,
1528 1095 1575 1141 7.
1626 1094 1731 1141 adn.
1784 1092 1911 1158 10.).
1988 1095 2085 1141 lam
2132 1113 2271 1154 vero,
2314 1094 2707 1162 quemadmodum

284 1173 407 1241 apud
446 1174 710 1220 Homerum
748 1173 1038 1222 substantiva
1075 1172 1215 1242 ἀνήρ
1259 1188 1305 1222 et
1338 1174 1477 1242 γυνή
1523 1175 1644 1223 haud
1683 1193 1789 1222 raro
1825 1175 2035 1242 apposita
2073 1175 2245 1223 babent
2283 1176 2501 1237 nomina,
2538 1177 2707 1244 quibus

285 1256 530 1302 hominum
567 1254 640 1301 vel
679 1253 794 1301 ordo
840 1273 894 1301 ac
938 1275 1119 1321 genus,
1164 1257 1237 1303 vel
1286 1258 1525 1323 negotium
1574 1258 1805 1304 indicatur
1853 1255 1871 1322 (
1886 1268 1937 1303 ut
1979 1255 2121 1323 ἀνήρ
2165 1251 2405 1324 ιδιῶτης,
2450 1256 2708 1321 τέκτονες

283 1332 526 1403 ἇνδρες);
569 1337 631 1382 ita
668 1335 861 1383 deorum
900 1338 1039 1384 etiam
1079 1338 1346 1384 nominibus
1370 1339 1597 1407 quaedam
1634 1338 1869 1392 ἐπίθετα
1893 1338 2113 1386 adiuncta
2136 1350 2286 1399 eraut,
2321 1339 2492 1406 quibus
2517 1339 2706 1389 illorum

285 1431 451 1466 natura
490 1418 656 1465 melius
692 1417 1034 1484 designaretur.
1112 1420 1273 1487 Itaque
1298 1418 1508 1483 Πάλλας
1541 1418 1753 1492 Ἀθήνη
1790 1419 1841 1486 (i.
1871 1438 1912 1467 e.
1937 1416 2166 1486 Ἀθήλη)
2190 1419 2355 1486 virago
2379 1420 2592 1469 bellatrix
2617 1434 2704 1483 est,

285 1519 378 1548 non
428 1519 456 1547 a
499 1511 675 1560 matre,
723 1498 803 1546 sed
850 1501 908 1547 ab
958 1501 1058 1568 ipso
1109 1501 1218 1548 love
1269 1502 1540 1568 progenita,
1589 1502 1721 1549 cuius
1768 1501 1900 1567 quasi
1947 1517 2164 1568 expressa
2207 1501 2364 1566 imago
2412 1512 2458 1549 et
2504 1497 2707 1568 perfecta

286 1579 598 1642 ὑπόστασις
633 1591 717 1628 est.
793 1581 872 1629 Sic
911 1582 1012 1648 ipso
1049 1582 1159 1630 deae
1199 1572 1384 1630 nomine
1422 1600 1607 1631 summa
1641 1585 1741 1631 eius
1777 1582 1981 1648 dignitas
2005 1594 2144 1649 atque
2169 1593 2372 1649 potestas
2396 1582 2704 1648 significatur,

269 1680 422 1729 quam
462 1662 602 1709 babet
638 1680 743 1709 cum
782 1673 912 1729 patre
938 1680 1256 1731 communem,
1292 1662 1350 1711 ad
1375 1682 1514 1731 quam
1549 1663 1823 1730 dignitatem
1855 1662 2020 1725 multa,
2058 1682 2177 1731 quae
2201 1681 2229 1710 a
2264 1662 2414 1730 poetis
2438 1662 2703 1723 traduntur,

276 1743 522 1792 referenda
558 1731 684 1791 sunt.
760 1744 940 1812 Iupiter
983 1746 1108 1792 enim
1146 1745 1285 1806 filiae,
1323 1763 1441 1812 quae
1478 1746 1765 1794 simillimam
1804 1745 1950 1813 ipsius
1986 1745 2187 1813 speciem
2214 1743 2374 1805 refert,
2411 1757 2705 1812 peecatorum

282 1826 495 1875 omnium
532 1826 717 1874 veniam
757 1826 862 1887 dat,
901 1838 1120 1894 tantaque
1158 1827 1203 1874 in
1243 1846 1345 1875 eam
1389 1839 1460 1875 est
1504 1827 1823 1894 indulgentia,
1872 1839 1922 1875 ut
1969 1827 2110 1875 ceteri
2155 1825 2217 1873 dii
2267 1825 2391 1874 haud
2438 1845 2542 1874 raro
2590 1826 2705 1874 illud

285 1919 652 1975 conquerantur,
691 1919 744 1955 ut
778 1908 908 1956 Mars
958 1907 1090 1956 lliad.
1130 1909 1215 1969 V.,
1254 1908 1539 1956 875—880.
1579 1909 1686 1957 coll.
1726 1909 1783 1957 ll.
1822 1909 1960 1957 Vlll.
2001 1908 2104 1956 init.
2143 1918 2190 1955 et
2225 1907 2306 1955 39.
2346 1925 2442 1974 seq.
2484 1907 2545 1955 ib.
2585 1909 2699 1956 360.

283 2001 329 2038 et
366 1989 481 2036 373.
555 1990 713 2056 Atque
759 2008 1097 2056 nonnunquam
1134 1989 1348 2037 Minerva
1391 2008 1497 2039 cum
1544 1991 1652 2037 love
1690 1991 1938 2038 coniuncta
1979 2000 2401 2048 commemoratur,
2446 1989 2518 2036 vel
2567 1989 2704 2036 huius

284 2073 384 2119 vice
422 2071 658 2136 fungitur:
699 2071 785 2118 el'r.
828 2071 962 2118 lliad.
1003 2071 1145 2132 Vlll,
1182 2071 1329 2133 287.;
1367 2072 1431 2119 X.
1473 2072 1612 2131 552„
1650 2072 1798 2134 553.;
1842 2072 1964 2133 XL,
2001 2071 2148 2133 735.;
2198 2069 2305 2118 coll.
2357 2069 2529 2137 Odyss.
2567 2071 2704 2130 XX.,

285 2156 375 2215 423
426 2153 486 2200 ib.
536 2152 696 2212 XV1.,
735 2153 852 2200 260.
893 2153 1042 2214 549.;
1092 2153 1201 2200 coll.
1241 2153 1374 2201 Iliad.
1415 2154 1559 2214 XX.,
1602 2154 1713 2201 192.
1737 2153 2005 2220 eademque
2054 2164 2107 2217 ut
2140 2152 2206 2199 ait
2246 2151 2473 2199 Horatius
2514 2151 2606 2199 od.
2647 2153 2704 2212 l.,

286 2236 378 2294 12,
427 2234 509 2280 20.
563 2233 798 2299 proximos
843 2232 943 2280 lovi
982 2235 1230 2301 occupavit
1265 2235 1464 2283 honores
1501 2234 1608 2282 coll.
1649 2234 1742 2282 od.
1782 2234 1929 2294 XX.,
1965 2234 2083 2280 265.
2157 2233 2273 2285 Hes.
2324 2231 2506 2298 Theog.
2558 2233 2702 2279 896.:

762 2312 901 2365 ἶσον
934 2312 1167 2377 ἔχουσαν
1201 2317 1370 2382 πατρὶ
1402 2317 1575 2383 μένος
1610 2320 1704 2366 καί
1737 2318 2003 2382 ἔκφρονα
2036 2311 2296 2380 βουλήν“).

489 2396 614 2442 lovis
657 2407 813 2441 autem
851 2396 1141 2443 maiestatem
1168 2397 1268 2443 fieri
1297 2415 1386 2443 non
1413 2398 1638 2463 potuisse,
1677 2407 1729 2442 ut
1764 2395 1888 2442 filius
1913 2396 2122 2444 innatam
2146 2395 2355 2451 haberet,
2380 2392 2460 2440 sed
2493 2393 2704 2441 debuisse

282 2475 428 2525 liliam
473 2495 526 2524 ex
574 2487 705 2544 patre
753 2487 902 2524 ortam
951 2476 1188 2544 propriam
1235 2476 1471 2544 accipere,
1519 2495 1612 2526 non
1659 2474 1798 2525 modo
1841 2494 1896 2524 ex
1941 2494 1996 2525 eo
2041 2492 2411 2542 consequemur,
2459 2475 2607 2541 quod,
2656 2487 2707 2524 ut

276 2557 617 2623 Naegelsbach.
659 2557 691 2605 l.
734 2557 764 2604 l.
805 2576 851 2624 p.
905 2558 1016 2605 104.
1057 2570 1103 2606 et
1149 2559 1263 2607 105.
1303 2558 1583 2618 observavit,
1624 2557 1662 2605 si
1700 2556 1825 2605 filius
1861 2575 1916 2605 ex
1962 2555 2072 2604 love
2109 2567 2246 2604 uatus
2282 2566 2420 2615 esset,
2457 2554 2578 2604 idem
2616 2555 2707 2604 dis·

281 2638 548 2686 cordiarum
587 2639 632 2685 in
673 2637 881 2705 Olympo
929 2639 1291 2688 domesticarum
1338 2651 1501 2687 auctor
1547 2638 1825 2698 exstitisset,
1876 2636 1955 2685 sed
2002 2655 2189 2684 causam
2238 2635 2376 2683 babet
2419 2635 2704 2684 reconditam

283 2720 370 2788 ipsi
421 2719 686 2786 antiquitati
735 2738 902 2788 parum
958 2720 1261 2787 exploratam.
1348 2719 1587 2768 Divinitus
1635 2719 1759 2766 enim
1815 2731 2056 2786 poetarum
2104 2717 2274 2765 animis
2320 2716 2432 2764 baec
2480 2716 2709 2766 insidebat

280 2801 523 2868 cogitatiO,
561 2802 597 2848 si
637 2802 844 2850 numinis
882 2800 1024 2848 divini
1065 2812 1230 2849 natura
1268 2803 1418 2868 specie
1466 2801 1666 2848 bumana
1716 2812 1836 2847 esset
1879 2799 2138 2861 reddenda,
2187 2799 2315 2847 illam
2361 2816 2455 2845 non
2501 2798 2549 2845 in
2585 2799 2705 2859 viro,

280 2884 359 2931 sed
400 2884 445 2930 in
485 2883 668 2949 virgine
704 2883 853 2931 videri
892 2893 1015 2929 recte
1051 2901 1333 2951 expressam.
1407 2883 1526 2930 Eam
1566 2893 1719 2929 antem
1759 2882 2011 2949 virginem,
2051 2882 2097 2929 in
2135 2899 2228 2949 quo
2255 2879 2442 2940 Graeci,
2480 2879 2706 2948 quidquid

278 2965 425 3013 sancti
464 2966 647 3012 numini
685 2966 843 3014 divino
881 2965 1180 3013 tribuendum
1220 2965 1497 3025 censebant,
1534 2981 1757 3032 apparere
1792 2963 1995 3025 vellent,
2045 2964 2145 3011 iure
2191 2962 2292 3010 sine
2328 2972 2476 3010 matre
2511 2961 2569 3010 ab
2606 2961 2706 3029 ipso

278 3048 387 3096 love
433 3047 710 3114 profectam,
748 3059 811 3109 et,
848 3059 901 3095 nt
937 3064 1044 3094 cum
1083 3047 1358 3094 Hermanno
1394 3046 1575 3105 dicam,
1628 3044 1854 3093 nelactam
1892 3044 2157 3093 credebant.
2233 3042 2500 3109 Singularis
2549 3054 2707 3091 autem

277 3129 356 3177 illa
392 3128 583 3196 optandi
622 3128 847 3176 formula:

474 3302 508 3342 ¹⁸)
535 3300 604 3334 Cfr.
633 3300 851 3344 Naegelbach
879 3302 929 3333 in:
957 3302 1109 3336 ..homer
1139 3301 1287 3333 'thoolf‘
1332 3312 1363 3343 p.
1395 3305 1467 3332 100.
1493 3310 1568 3342 sqq.
