2928 3733
1160 96 1497 146 --23-ἢ

121 236 336 298 videtur,
383 237 471 287 nisi
523 237 642 287 forte
688 236 776 287 hoc
818 246 1055 285 externam
1105 235 1262 285 vultus
1292 235 1603 284 serenitatem
1654 234 1878 295 indicari,
1928 234 2009 283 illo
2056 234 2200 283 ani-i
2244 233 2540 301 potissimum

120 320 430 368 constantiam
467 331 514 368 et
548 317 842 385 prudentiam
879 317 1133 383 significari
1171 317 1336 365 statuis
1348 316 1398 381 ¹)
1470 317 1589 366 Vo«
1579 335 1617 363 is
1650 316 1883 382 originem
1921 317 1958 364 si
1997 316 2284 383 quaerimus,
2317 325 2392 362 est
2426 333 2480 363 ea
2514 334 2541 363 a

121 399 392 466 γλαύσσω,
428 398 638 466 γλαϋξῖ)
663 400 949 466 repetenda,
979 418 1098 467 quae
1133 418 1224 448 vox
1258 417 1366 448 cum
1400 399 1553 460 λᾰω,
1570 397 1808 459 λεύσσω,
1846 395 2042 464 γλήνη,
2078 398 2303 463 γληνος,
2339 395 2543 458 λευκός,

122 479 314 543 λύκος,
349 479 595 548 λυκόφως
639 481 744 546 aliis
781 481 1024 540 cohaeret,
1070 481 1117 528 in
1156 480 1326 547 quibus
1360 480 1458 528 fere
1505 480 1724 529 omnibus
1769 481 1888 528 lueis
1923 479 2150 546 quaedam
2198 490 2281 526 aut
2325 479 2539 529 mim-fis

119 574 204 612 aut
253 581 357 612 cum
397 564 599 615 tenebris
648 563 819 611 mixtae
864 562 993 609 notio
1032 561 1165 609 inest.
1234 560 1483 624 Γλαυκός
1528 580 1675 629 quum
1724 561 1845 609 haud
1883 578 1988 608 raro
2021 560 2082 608 de
2117 560 2242 608 clara
2288 560 2360 608 vel
2397 560 2535 610 lum

122 643 205 692 vel
234 645 376 693 maris
411 644 485 694 vel
521 661 719 693 aurorae
755 642 858 690 luee
896 654 1164 710 usurpetur,
1202 653 1300 689 tum
1337 660 1448 691 vero
1484 644 1669 709 saepius
1705 643 1762 690 ad
1800 642 2005 709 fulgidos
2040 643 2231 690 leonum
2267 652 2312 688 et
2350 653 2537 690 noctua·

121 743 226 775 rum
276 724 438 773 oculos
482 726 530 774 in
585 726 697 792 ipsis
742 724 946 773 tenebris
991 724 1249 772 relucentes
1297 724 1523 787 refertur3
1586 740 1735 791 neque
1795 724 2098 790 improbanda
2145 741 2308 772 eorum
2355 722 2539 772 videtur

122 807 379 863 sententia,
429 807 508 872 qui
558 818 775 853 noctuam
825 816 1015 871 propter
1062 805 1293 870 fulgentes
1340 806 1498 853 oculos
1545 807 1787 853 Minervae
1834 823 2012 854 sacram
2064 806 2206 853 fuisse
2253 805 2534 855 existimant.

122 888 252 935 Voce
277 885 478 952 γλαυκή
500 906 677 954 aequor
701 887 861 934 lucens
885 886 1009 953 apud
1044 885 1306 933 Hesiodum
1330 885 1510 952 Theog.
1557 888 1674 934 440.
1715 886 2012 952 designatur3
2049 888 2105 934 ad
2128 885 2342 933 ardentes
2379 885 2539 932 oculos

122 968 309 1018 leonum
347 968 545 1035 praedae
581 968 861 1018 inhiantium
897 986 1011 1016 voce
1042 964 1346 1031 γλαυκιόων
1379 967 1522 1016 Hom.
1553 967 1687 1015 Iliad.
1725 968 1842 1017 XX.
1885 968 1997 1016 172.
2038 968 2233 1015 Hesiod.
2263 979 2381 1016 scut.
2421 967 2536 1014 430.

122 1051 385 1117 respicitur.
459 1049 511 1098 Si
547 1060 752 1097 veterem
799 1065 1063 1096 sermonem
1112 1048 1313 1114 patrium
1351 1066 1701 1116 comparamus,
1738 1050 1818 1116 qui
1857 1050 1993 1097 habet
2035 1067 2172 1097 voees
2215 1049 2325 1115 glau
2363 1047 2538 1113 (acute)

121 1132 350 1198 glaucken
375 1143 422 1180 et
445 1130 767 1196 glaeraeugig,
804 1129 1105 1195 γλαυκῶπις
1140 1140 1263 1176 recte
1299 1129 1601 1197 glamieugig,
1632 1130 1892 1198 χαροπός
1925 1132 2231 1197 glaeraeugig
2265 1133 2296 1177 i.
2336 1149 2377 1177 e.
2418 1129 2540 1178 ktar·

123 1213 297 1279 aeugig
332 1212 670 1279 interpreteris,
707 1228 848 1277 quam
886 1210 980 1258 vim
1019 1210 1158 1257 etiam
1196 1221 1350 1257 truces
1375 1221 1420 1257 et
1453 1211 1653 1259 caerulei
1691 1212 1813 1260 oculi
1851 1212 1974 1280 apud
2009 1213 2226 1261 Tacimm
2265 1208 2536 1276 referunff).

121 1291 286 1359 Neque
334 1296 490 1340 minus
537 1291 655 1341 hane
700 1291 866 1339 alacris
911 1291 1086 1356 ingenii
1132 1292 1350 1337 virtutem
1397 1291 1687 1358 celeremque
1734 1293 2003 1358 prudentiae
2051 1293 2381 1359 perspicaciam
2427 1309 2535 1341 cun

123 1374 360 1421 maiestate
408 1371 608 1438 quadam
653 1372 899 1420 oculorum
935 1371 1260 1431 coniunctam,
1298 1370 1357 1418 cl.
1397 1371 1575 1421 Goetbe
1612 1373 1800 1439 egregie
1836 1372 2122 1440 expressist).
2197 1372 2260 1422 Ut
2294 1372 2419 1421 enim
2456 1371 2535 1419 lux

121 1454 257 1519 origo
294 1471 347 1503 ae
383 1452 489 1502 l'ons
523 1454 645 1504 vitae
682 1463 727 1502 et
756 1451 1054 1503 fecunditatis
1089 1463 1176 1510 est,
1215 1452 1279 1500 ita
1315 1451 1436 1519 pleni
1475 1453 1592 1502 lucis
1627 1455 1767 1502 etiam
1805 1454 1926 1502 oculi
1953 1455 2193 1505 Minervae
2230 1465 2355 1512 sunt,
2392 1470 2534 1521 quam

123 1536 269 1602 ipsam
297 1552 389 1582 non
415 1533 554 1583 modo
580 1534 775 1582 salutem
803 1532 1088 1592 hominibus,
1126 1532 1207 1580 sed
1230 1533 1370 1581 etiam
1400 1545 1549 1583 terrae
1579 1536 1935 1602 prosperitatem
1970 1536 2080 1584 dare
2105 1553 2247 1601 supra
2269 1535 2533 1584 docuimus.

327 1614 420 1664 Sed
456 1614 569 1662 baec
605 1615 843 1663 haetenus.
918 1613 1018 1662 Sub
1054 1613 1195 1661 linem
1232 1613 1372 1662 huius
1409 1615 1549 1662 libelli
1586 1616 1792 1682 profiteri
1832 1617 1944 1663 mihi
1984 1617 2136 1678 liceat,
2169 1615 2297 1684 qnod
2336 1615 2533 1681 praefari

121 1716 214 1744 non
255 1697 444 1764 placuit,
479 1714 583 1744 esse
620 1697 705 1757 rei,
743 1697 799 1745 de
834 1712 927 1762 qua
962 1694 1279 1761 exposuimuS,
1317 1713 1417 1743 eam
1454 1709 1688 1758 naturam,
1730 1710 1781 1746 ut
1816 1698 2005 1759 multis,
2042 1698 2122 1764 qui
2159 1697 2317 1745 omnia
2352 1696 2410 1746 ad
2446 1696 2537 1747 uti·

122 1779 297 1826 litatem
335 1789 381 1824 et
414 1777 536 1825 vitae
573 1776 818 1825 commoda
864 1795 1081 1824 revocare
1118 1788 1485 1837 consueverunt,
1534 1777 1648 1826 levis
1684 1791 1765 1827 aut
1812 1798 1975 1846 parum
2024 1780 2263 1829 fructuosa
2303 1777 2531 1827 videatur.

123 1861 176 1907 ln
213 1878 267 1907 ea
302 1858 427 1906 enim
467 1876 590 1905 nunc
629 1869 838 1924 tempora
874 1856 1140 1917 incidimus,
1179 1856 1348 1923 quibus
1384 1857 1549 1924 cuique
1585 1861 1672 1908 arti
1711 1872 1839 1909 tanto
1878 1860 1980 1927 plus
2018 1860 2168 1909 laudis
2204 1879 2257 1908 ac
2294 1859 2535 1925 dignitatis

121 1942 381 2000 tribuatur,
434 1958 527 2005 quo
573 1940 766 2005 propius
809 1938 867 1987 ad
910 1939 1032 1986 vitae
1078 1937 1373 2005 quotidianae
1420 1958 1531 1987 usus
1577 1940 1792 2003 accedat,
1851 1942 2077 2009 quidquid
2120 1960 2232 1990 vero
2279 1940 2335 1989 ad
2381 1940 2534 1989 solum

121 2022 263 2069 animi
301 2021 478 2069 cultum
516 2019 735 2079 rel'ertur,
774 2019 873 2068 leve
908 2020 1052 2086 vulgo
1089 2031 1135 2067 et
1171 2018 1335 2067 inutile
1371 2019 1608 2070 habeatur.
1683 2023 1846 2091 Neque
1883 2022 2068 2084 desunt,
2114 2023 2193 2090 qui
2233 2022 2535 2070 humanitatis

121 2103 274 2151 studia
309 2115 402 2149 tam
441 2101 652 2166 angustis
687 2100 860 2148 finibus
897 2101 1297 2162 circumscribant,
1336 2114 1387 2149 ut
1420 2121 1606 2150 ornnem
1644 2104 1880 2152 doetrinae
1917 2105 2100 2153 laudem
2139 2105 2186 2152 in
2222 2122 2317 2152 una
2353 2103 2536 2169 lingua-

121 2202 224 2231 rum
275 2182 542 2249 cognitione
589 2181 840 2229 consistere
889 2193 1134 2243 censeant,
1171 2181 1436 2231 subtiliores
1472 2201 1613 2245 vero,
1661 2204 1776 2253 quas
1821 2187 1994 2235 ethicas
2031 2185 2257 2246 dixerim,
2304 2183 2359 2232 de
2397 2183 2535 2232 rebus

123 2264 220 2312 sola
259 2263 426 2311 mentis
476 2261 756 2327 cogitatione
803 2262 1102 2329 assequendis
1151 2264 1470 2332 quaestiones,
1520 2265 1689 2332 quibus
1735 2266 1989 2333 elegantiae
2034 2285 2087 2314 ac
2129 2265 2387 2314 venustatis
2433 2265 2535 2312 laus

40 2345 47 2349 ⁴
122 2355 447 2411 comparatur,
495 2343 552 2389 ab
589 2343 776 2389 homine
821 2342 1074 2390 liberaliter
1115 2344 1310 2392 educato
1357 2346 1530 2393 alienas
1576 2366 1677 2394 esse
1712 2348 2009 2395 arbitrentur.
2085 2347 2161 2393 Ab
2198 2347 2395 2394 istorum
2432 2364 2534 2394 sen-

122 2426 265 2473 tentia
301 2425 365 2472 ita
399 2423 655 2482 abhorreo,
700 2435 751 2471 ut
797 2423 1028 2472 neminem
1077 2444 1187 2473 vero
1231 2425 1530 2474 humanitatis
1576 2446 1714 2476 sensu
1768 2427 1997 2476 imbutum
2043 2446 2143 2476 esse
2191 2426 2404 2487 credam,
2455 2427 2533 2492 qui

122 2528 214 2554 non
252 2525 414 2554 omnes
452 2505 688 2552 doctrinae
726 2517 877 2572 partes
913 2506 1099 2552 assidua
1135 2527 1246 2554 cura
1289 2509 1685 2574 pervestigaverit.
1759 2510 2073 2576 Antiquarum
2111 2509 2328 2557 videlicet
2364 2509 2535 2556 littera·

122 2606 225 2634 rum
263 2587 473 2633 studium
520 2604 612 2633 non
651 2586 803 2633 solum
850 2586 907 2632 ad
942 2598 1122 2634 veteres
1169 2590 1418 2655 scriptores
1470 2590 1803 2656 historiamque
1859 2590 2155 2639 referendum
2212 2610 2312 2639 esse
2366 2590 2533 2647 sentio,

121 2667 198 2715 sed
237 2666 376 2714 etiam
415 2686 488 2727 eo,
528 2679 582 2714 ut
615 2679 824 2715 veterum
864 2685 1016 2714 mores
1053 2679 1099 2715 et
1132 2669 1254 2716 vitae
1292 2670 1500 2717 instituta
1536 2690 1790 2739 eorumque
1827 2671 1883 2718 de
1919 2671 2059 2719 rebus
2085 2672 2255 2720 divinis
2293 2670 2533 2738 opiniones

120 2765 473 2813 cognoscamus.
549 2747 767 2810 Quorum
805 2748 1013 2794 omnium
1052 2749 1307 2814 primordia
1353 2769 1444 2818 quo
1482 2754 1632 2819 magis
1678 2764 1786 2799 sunt
1830 2753 2100 2800 abscondita
2147 2765 2193 2800 et
2229 2752 2443 2812 obscura,
2479 2768 2533 2796 eo

120 2827 294 2875 maiore
331 2827 486 2875 studio
521 2827 741 2876 videntur
775 2847 875 2875 esse
911 2827 1114 2875 eruenda
1150 2841 1196 2876 et
1232 2829 1519 2880 illustranda.
1596 2832 1736 2896 Quod
1772 2834 1955 2881 tametsi
2006 2832 2245 2881 nonnullis
2283 2831 2445 2881 inutile
2482 2849 2533 2877 ac

120 2910 351 2958 ludicrum
400 2909 612 2971 videtur,
661 2909 844 2957 doctam
891 2910 1045 2976 potius
1093 2909 1422 2960 obscuritatem
1477 2931 1531 2960 ac
1566 2933 1731 2962 vanam
1780 2915 2089 2962 eruditionem
2135 2914 2338 2981 captari,
2395 2929 2531 2979 quam

324 3027 351 3068 ¹)
383 3025 453 3058 Cfr.
480 3025 667 3058 Schneider
693 3025 799 3067 Orph.
824 3025 910 3067 Arg.
936 3028 1031 3064 459.;
1056 3024 1125 3056 Iac.
1150 3025 1197 3057 A.
1223 3025 1263 3057 Ρ.
1288 3030 1387 3068 324.;
1410 3028 1488 3060 coll.
1514 3028 1685 3062 Theou-it.
1711 3029 1763 3061 ld.
1788 3029 1881 3067 XX„
1906 3033 1978 3060 25.:

656 3080 840 3133 ’Όμμιτσῖ
867 3101 927 3134 μοι
956 3085 1119 3131 ymni-35
1146 3087 1376 3137 χιμπόπςι
1404 3083 1527 3125 romi»
1553 3085 1720 3131 'A8’ae'ms.

320 3151 351 3193 2)
385 3151 454 3184 Cfr.
481 3152 594 3194 Etym.
620 3153 669 3184 M.
696 3155 785 3192 233„
809 3155 954 3183 31—33.
980 3157 1013 3184 et
1036 3153 1181 3183 37--48,

320 3210 350 3253 ³)
383 3209 452 3243 crr.
477 3210 626 3244 Pausan.
651 3210 691 3250 1.‚
721 3213 785 3250 14.‚
811 3213 842 3241 6.
868 3214 952 3242 extr.

320 3268 350 3310 ⁴)
376 3267 445 3301 Cfr.
471 3268 663 3301 Hermann
687 3273 720 3300 et
741 3267 936 3300 Dorothea:
963 3287 1003 3292 —-
1029 3268 1088 3301 Ihr
1111 3269 1213 3313 Auge
1244 3271 1369 3304 blickte
1392 3271 1485 3303 nicht
1509 3271 1626 3313 Liebe‚

454 3327 548 3359 Aber
570 3326 684 3358 hellen
703 3326 874 3358 Verstand
898 3329 967 3359 und
990 3327 1094 3371 gebot
1116 3330 1309 3373 verstfindig
1332 3340 1372 3361 zu
1396 3330 1509 3362 reden.
