2928 3733
1344 55 1685 101 —14-

292 207 448 264 partes
495 206 652 242 autem
698 193 921 241 dissectas
977 193 1023 239 in
1069 210 1268 252 aenum,
1308 202 1359 238 ut
1394 203 1733 259 coquerentur,
1777 208 1877 239 esse
1916 190 2153 253 abiectas3
2201 191 2265 242 ibi
2302 211 2407 246 ,eor
2435 191 2523 243 dei·¹
2556 193 2716 245 vivum

296 297 349 325 ac
387 276 617 345 palpitans
653 293 680 321 a
715 274 930 320 Minerva
968 273 1184 321 manibus
1218 273 1444 320 Titanum
1482 285 1769 341 surreptum,
1807 272 1940 320 cuius
1964 271 2157 333 frustra,
2193 271 2252 321 ad
2277 272 2488 341 Delphos
2517 274 2721 342 sepulta,

296 358 518 407 redeunte
553 374 661 404 vere
698 355 949 421 quotannis
986 356 1392 413 resuscitarentur,
1430 355 1487 402 ad
1527 356 1823 404 lovem.esse
1865 353 2087 401 delatum.
2160 354 2254 400 Hie
2299 353 2471 402 cultus.
2498 356 2717 421 Dionysi,

298 451 349 487 ut
395 437 626 486 recentior
671 435 776 497 ille,
824 436 904 503 qui
948 436 1148 483 Athenis
1196 434 1416 493 invaluit,
1467 435 1649 496 lacchi,
1696 435 1819 482 lovis
1865 445 1912 481 et
1947 434 2098 482 Corae
2133 433 2237 495 filii,
2273 452 2418 501 quum
2454 436 2515 492 ad
2549 436 2719 484 doctri·

298 538 405 566 nam
444 519 500 566 de
537 518 889 566 immortalitate
925 519 1089 577 animi,
1138 536 1255 584 quae
1300 517 1534 583 mysteriis
1570 516 1827 563 Eleusiniis
1875 516 2068 564 initiatis
2115 515 2410 576 tradebatur,
2447 517 2718 584 pertineret,

298 612 342 647 et
378 600 560 646 alienus
596 599 654 645 ab
691 611 840 646 aetate
865 599 1063 646 Homeri
1091 611 1177 659 est,
1205 616 1287 644 nec
1312 596 1566 664 quidquam
1604 597 1662 644 ad
1686 597 1927 645 Minervae
1965 613 2134 644 nomen
2169 596 2492 664 explicandum
2520 598 2716 646 confert.

505 678 630 726 Illud
684 679 874 746 quidem
928 680 1039 726 satis
1094 690 1284 746 apparet
1305 711 1320 739 ,
1380 694 1543 723 vocem
1599 674 1810 737 Πάλλας
1872 693 1899 722 a
1960 675 2181 728 πάλλειν
2241 695 2339 726 esse
2403 677 2720 745 repetendam,

301 762 382 811 sed
436 761 562 823 alia,
618 772 756 828 atque
808 760 1059 808 scholiasta
1110 760 1294 820 voluit,
1355 759 1551 806 ratione.
1637 757 1943 825 Significatur
1996 758 2075 807 illa
2121 769 2167 807 et
2222 759 2430 826 corporis
2477 770 2524 807 et
2574 759 2720 808 animi

302 844 537 891 mobilitas
575 840 912 910 (εὐκινησία),
949 860 1004 889 ex
1040 860 1131 910 qua
1168 859 1349 889 summa
1386 839 1444 887 ad
1481 840 1694 908 quamvis
1731 858 1828 888 rem
1866 840 2093 907 agendam
2140 840 2353 890 alacritas
2399 851 2445 888 et
2492 840 2722 889 industria

302 925 513 973 florentis
551 925 782 992 imprimis
818 924 981 970 aetatis
1018 922 1357 990 proficiscitur3
1397 939 1515 989 quae
1552 921 1740 989 quidem
1779 922 1907 969 notio
1943 933 2037 970 tam
2076 922 2166 970 late
2202 932 2352 989 patet,
2400 932 2452 970 ut
2486 922 2626 970 etiam
2661 921 2722 971 ad

303 1027 401 1055 rem
439 1006 713 1054 amatoriam
751 1004 974 1051 translata
1010 1005 1085 1050 sit.
1162 1004 1323 1069 ltaque
1359 1003 1482 1068 apud
1521 1004 1671 1069 ipsum
1710 1004 1974 1051 Homerum
2012 1004 2203 1050 nomina
2236 1001 2475 1069 παλλακή
2508 1014 2556 1050 et
2583 1006 2723 1053 παλ-

302 1091 453 1149 λακίς
490 1086 701 1154 pellicem
742 1096 921 1146 notant,
959 1103 1078 1152 quae
1113 1077 1354 1153 κουριδίῃ
1392 1081 1581 1151 α’λόχῳ
1618 1085 1830 1151 opposita
1865 1096 1950 1132 est.
2025 1085 2184 1132 Prima
2220 1084 2408 1152 quidem
2432 1085 2560 1133 vocis
2595 1080 2723 1136 πᾶλ-

302 1170 414 1232 λαξ,
451 1180 503 1216 ut
539 1166 816 1215 substantivi
854 1163 1015 1233 κόρη,
1052 1167 1124 1213 vis
1161 1165 1273 1212 haee
1310 1176 1435 1226 erat,
1485 1178 1537 1213 ut
1582 1166 1812 1231 virginem
1859 1165 2174 1230 significaret3
2223 1166 2307 1213 cl'r.
2353 1167 2516 1232 Etym.
2564 1166 2632 1213 M.
2662 1184 2718 1232 =p.

302 1251 440 1309 649„
478 1250 590 1295 59.:
629 1249 898 1307 παλλακίς,
937 1246 967 1312 ἡ
998 1253 1137 1307 παῖς·
1173 1244 1314 1297 κατά
1339 1249 1574 1313 Δωριεῖς,
1610 1243 1810 1308 milia}
1833 1245 2056 1310 λέγεται.
2093 1245 2200 1293 coll.
2229 1246 2445 1294 Eustath.
2474 1264 2519 1313 p.
2552 1246 2722 1307 1419.,

302 1332 416 1393 50.;
465 1341 625 1397 postea
660 1339 857 1394 utraque
904 1345 995 1374 vox
1043 1329 1216 1395 pariter
1261 1326 1316 1373 de
1359 1327 1544 1394 virgine
1587 1326 1660 1373 vel
1708 1344 1878 1394 sponsa
1922 1338 2059 1394 atque
2103 1325 2158 1373 de
2201 1325 2365 1393 pellice
2413 1327 2725 1394 usurpabatur

304 1412 410 1477 (cfr.
452 1411 508 1457 ΙΙ.
550 1411 609 1472 L,
648 1411 750 1469 98.‚
789 1406 936 1471 337.;
976 1409 1070 1470 11.‚
1109 1409 1224 1456 689.
1265 1406 1364 1473 aL).
1440 1407 1740 1474 Quamquam
1779 1407 1970 1456 honoris
1995 1424 2146 1458 ,causa
2181 1418 2227 1455 et
2264 1407 2494 1475 Penelope
2529 1419 2724 1457 vocatur

300 1490 468 1559 κούρη
503 1491 755 1559 Ἰκαρίοιο
794 1488 909 1556 (Od.
950 1490 1011 1551 l.,
1050 1491 1199 1551 329.;
1237 1489 1397 1549 XVL,
1437 1489 1584 1552 435.;
1621 1488 1833 1549 XVlll.,
1868 1489 2010 1551 244„
2046 1486 2216 1555 284.)‚
2254 1500 2299 1537 et
2333 1489 2548 1538 Minerva
2583 1488 2723 1540 modo

303 1572 436 1637 Διός
471 1571 642 1639 κούρη
680 1570 757 1639 (ΙΙ.
797 1572 885 1633 X„
921 1573 1071 1635 296.;
1123 1571 1215 1621 Od.
1266 1571 1360 1631 ll.,
1407 1571 1556 1633 296.;
1604 1570 1778 1631 xm..
1828 1568 1994 1636 318.)‚
2044 1570 2182 1619 modo
2218 1571 2518 1636 γλαυκῶπις
2551 1568 2722 1641 κούρη

304 1657 381 1723 (ll.
420 1655 635 1715 XXW„
671 1655 764 1716 263
804 1652 898 1700 Od.
940 1654 1025 1714 ll„
1065 1655 1208 1715 433.;
1257 1653 1468 1714 XXIV„
1506 1651 1659 1717 517.)
1696 1651 1972 1719 appellatur.
2047 1653 2246 1702 Formae
2290 1656 2446 1702 autem
2492 1650 2726 1715 Πάλλας,

306 1733 440 1799 αὸος
476 1747 521 1785 et
556 1732 802 1795 Πάλλας,
839 1753 1011 1794 αντος
1047 1733 1253 1781 eiusdem
1291 1744 1400 1781 sunt
1436 1732 1664 1799 originis,
1712 1734 1739 1795 ξ
1783 1745 1830 1781 et
1873 1753 1909 1785 σ
1952 1732 2120 1782 litteris
2166 1735 2289 1782 inter
2333 1753 2382 1782 se
2432 1734 2723 1801 permutatis,

304 1819 456 1887 qualis
492 1816 777 1885 permutatio
815 1816 861 1861 in
899 1812 1051 1881 ὄρνις
1087 1826 1132 1861 et
1168 1813 1314 1881 ὄρνιξ
1349 1815 1597 1882 reperitur.
1673 1815 1864 1862 inversa
1909 1813 1992 1862 has
2040 1814 2217 1863 litteras
2265 1813 2558 1883 permutandi
2606 1814 2725 1863 ratio

304 1899 492 1959 Atticis,
531 1896 765 1964 imprimis
802 1895 1067 1962 Thucydidi
1105 1906 1151 1943 et
1185 1895 1463 1961 quibusdam
1491 1895 1773 1956 oratoribus,
1811 1894 2029 1962 frequens
2054 1907 2141 1957 est,
2177 1896 2301 1963 apud
2336 1914 2453 1963 quos
2489 1892 2724 1960 ξύμπας,

305 1978 606 2047 ξύμμαχος
641 1996 727 2046 pro
766 1975 1010 2043 σύμπας,
1046 1973 1366 2042 σύμμαχος,
1404 1976 1448 2024 id
1475 1994 1624 2043 genus
1649 1976 1740 2024 alia
1764 1975 1889 2024 haud
1913 1994 2020 2024 raro
2045 1976 2280 2043 leguntur.
2354 1977 2509 2026 Simili
2546 1977 2725 2025 ratione

305 2063 484 2110 litterae
521 2082 552 2129 ρ
591 2071 636 2106 et
673 2079 708 2111 σ
744 2070 1090 2126 permutantur,
1116 2057 1245 2105 velut
1269 2058 1314 2104 in
1341 2063 1578 2125 μυρσόιη
1604 2069 1650 2104 et
1681 2055 1944 2126 μυρῤίνηε
1974 2058 2120 2106 Arch.
2161 2058 2219 2107 fr.
2258 2059 2341 2106 25.
2379 2058 2500 2124 ng.
2539 2057 2727 2126 ἄρ’ρην

305 2152 351 2187 et
386 2138 562 2207 ἄρσην
597 2138 777 2206 (trag.)

514 2221 602 2268 Est
637 2221 782 2287 igitur
816 2219 1033 2282 Πάλλας
1067 2216 1280 2286 Ἀθήνη
1326 2221 1461 2287 virgo
1508 2238 1601 2267 non
1649 2221 1804 2269 minus
1849 2220 2059 2287 corporis
2104 2231 2346 2269 venustate
2390 2239 2530 2288 quam
2579 2221 2724 2269 animi

309 2300 536 2369 sapientia
574 2301 796 2368 insignis,
835 2303 881 2349 in
920 2320 1013 2369 qua
1049 2320 1233 2350 summa
1269 2301 1473 2367 dignitas
1508 2301 1658 2349 virilis
1695 2320 1799 2350 cum
1838 2303 1966 2350 omni
2002 2302 2175 2350 virtute
2212 2301 2429 2349 muliebri
2467 2303 2639 2350 mirum
2676 2302 2725 2350 in

307 2381 500 2430 modum
539 2382 787 2429 coniuncta
823 2395 907 2430 est.
983 2382 1071 2430 Illa
1107 2393 1263 2429 autem
1301 2383 1506 2448 gravitas
1542 2382 1724 2430 consilii
1763 2383 1915 2450 plena,
1953 2401 2093 2450 quam
2131 2383 2180 2430 in
2207 2383 2424 2437 Minerva
2447 2384 2724 2450 reperimus,

308 2481 453 2530 quum
491 2463 549 2510 ab
588 2462 744 2510 indole
782 2463 939 2510 lonica
975 2461 1323 2530 quodammodo
1359 2463 1634 2525 abhorreat,
1685 2464 1808 2512 baud
1843 2465 2080 2513 immerito
2116 2464 2336 2511 coniicias
2374 2464 2575 2530 priscum
2614 2463 2727 2512 deae

309 2544 487 2592 cultum
528 2544 639 2611 ipsis
675 2544 860 2592 Atticae
896 2542 1239 2609 Aboriginibus
1277 2541 1431 2592 deberi
1469 2555 1516 2592 et
1551 2555 1711 2611 postea
1756 2543 1943 2594 demum
1990 2545 2049 2594 ab
2085 2544 2305 2605 ionibus,
2348 2544 2427 2611 qui
2475 2556 2581 2593 ante
2631 2546 2726 2592 Do-

306 2643 381 2673 res
430 2624 559 2672 illam
608 2634 781 2672 terram
828 2635 1196 2692 occupaverant,
1244 2624 1384 2673 variis
1432 2623 1585 2674 modis
1631 2643 1731 2676 esse
1776 2626 2092 2676 immutatum.
2165 2625 2313 2675 Primi
2357 2625 2542 2675 Atticae
2601 2626 2728 2674 ineo-

306 2707 378 2755 lae
426 2705 551 2753 haud
599 2705 738 2753 dubie
784 2705 924 2753 etiam
974 2704 1179 2754 fabulam
1228 2704 1284 2753 de
1332 2717 1436 2754 ortu
1472 2706 1715 2754 Minervae
1757 2708 2162 2773 excogitaverunt,
2212 2725 2330 2773 quae
2376 2705 2542 2754 deinde
2588 2706 2729 2754 latius

305 2796 565 2854 propagata
600 2786 798 2834 Homeri
836 2795 1002 2846 aetate,
1040 2785 1254 2852 quamvis
1292 2797 1425 2852 poeta
1463 2784 1580 2833 nihil
1617 2785 1673 2834 de
1709 2805 1763 2835 ea
1798 2787 2052 2837 memoriae
2086 2785 2269 2854 prodat,
2300 2797 2401 2835 erat
2434 2786 2723 2854 pervulgata.

305 2866 594 2914 Procedente
631 2878 841 2934 tempore
879 2864 1038 2933 opinio
1077 2864 1156 2913 illa
1192 2865 1249 2914 de
1284 2867 1499 2914 Minerva
1536 2884 1591 2914 ex
1628 2866 1753 2916 lovis
1789 2869 1938 2937 capite
1976 2868 2222 2936 progenita
2258 2868 2304 2915 in
2350 2867 2520 2915 animis
2552 2868 2726 2917 civium

305 2948 576 2995 Atticorum
616 2959 707 2994 tam
745 2947 836 2995 fixa
872 2946 1110 3007 haerebat,
1148 2957 1200 2993 ut
1236 2946 1347 2994 deae
1383 2948 1571 3013 signum
1609 2965 1637 2994 a
1673 2947 1839 2996 Phidia
1874 2967 1930 2997 ex
1966 2966 2081 2996 auro
2113 2959 2159 2996 et
2194 2948 2332 2996 ebore
2373 2948 2565 3009 sactum,
2601 2948 2727 3015 quod

304 3030 352 3077 in
390 3046 577 3077 summa
597 3045 702 3076 arce
730 3026 1122 3096 conspiciebatur,
1160 3026 1434 3095 simpliciter
1470 3027 1500 3094 ἡ
1528 3027 1818 3094 παρθένος
1854 3028 2183 3098 appellaretur.
2255 3029 2590 3097 Virginitatem
2614 3029 2727 3078 deae

303 3112 426 3160 inter
460 3110 561 3159 eius
598 3110 795 3159 virtutes
839 3110 979 3158 etiam
1026 3107 1265 3156 Hesiodus
1311 3109 1493 3177 Theog.
1535 3109 1671 3172 895„
1709 3112 1791 3160 96.
1830 3112 2031 3181 primam
2069 3123 2428 3160 commemorat:

577 3191 815 3259 Πρώτην
849 3190 954 3259 γάρ
988 3186 1199 3256 κούρην
1232 3186 1575 3254 γλαυκώπιδα
1619 3194 2000 3259 Τριτογένειαν

566 3271 734 3337 ἾσονΙ
769 3277 1021 3338 ἔχουσαν
1064 3275 1240 3339 πατρὶ
1272 3271 1441 3336 μένος
1475 3273 1565 3323 καὶ
1599 3274 1865 3340 ἐπιφρονα
1901 3271 2116 3339 βουλήν.
