<?xml version="1.0" encoding="UTF-8"?>
<!DOCTYPE html PUBLIC "-//W3C//DTD XHTML 1.0 Transitional//EN"
    "http://www.w3.org/TR/xhtml1/DTD/xhtml1-transitional.dtd">
<html xmlns="http://www.w3.org/1999/xhtml" xml:lang="en" lang="en">
 <head>
  <title>
</title>
<meta http-equiv="Content-Type" content="text/html;charset=utf-8" />
  <meta name='ocr-system' content='tesseract 3.04.00' />
  <meta name='ocr-capabilities' content='ocr_page ocr_carea ocr_par ocr_line ocrx_word'/>
</head>
<body>
  <div class='ocr_page' id='page_1' title='image "4766816_0021.png"; bbox 0 0 2928 3733; ppageno 0'>
   <div class='ocr_carea' id='block_1_1' title="bbox 1225 82 1565 128">
    <p class='ocr_par' dir='ltr' id='par_1_1' title="bbox 1225 82 1565 128">
     <span class='ocr_line' id='line_1_1' title="bbox 1225 82 1565 128; baseline 0.003 -13"><span class='ocrx_word' id='word_1_1' title='bbox 1225 82 1565 128; x_wconf 82' lang='grc'><strong>-.15-.</strong></span> 
     </span>
    </p>
   </div>
   <div class='ocr_carea' id='block_1_2' title="bbox 191 214 2601 2879">
    <p class='ocr_par' dir='ltr' id='par_1_2' title="bbox 191 214 2366 529">
     <span class='ocr_line' id='line_1_2' title="bbox 191 214 2366 286; baseline -0.003 -17"><span class='ocrx_word' id='word_1_2' title='bbox 191 238 246 270; x_wconf 77' lang='lat' dir='ltr'>ex</span> <span class='ocrx_word' id='word_1_3' title='bbox 279 235 374 286; x_wconf 81' lang='lat' dir='ltr'>quo</span> <span class='ocrx_word' id='word_1_4' title='bbox 410 228 517 265; x_wconf 88' lang='lat' dir='ltr'>ortu</span> <span class='ocrx_word' id='word_1_5' title='bbox 551 216 664 265; x_wconf 86' lang='lat' dir='ltr'>deae</span> <span class='ocrx_word' id='word_1_6' title='bbox 699 214 866 264; x_wconf 83' lang='lat' dir='ltr'>deinde</span> <span class='ocrx_word' id='word_1_7' title='bbox 901 215 966 282; x_wconf 91' lang='lat' dir='ltr'>(v.</span> <span class='ocrx_word' id='word_1_8' title='bbox 1006 217 1121 265; x_wconf 78' lang='lat'>924.</span> <span class='ocrx_word' id='word_1_9' title='bbox 1161 214 1285 284; x_wconf 86' lang='lat' dir='ltr'>sqq.)</span> <span class='ocrx_word' id='word_1_10' title='bbox 1321 215 1526 284; x_wconf 88' lang='lat' dir='ltr'>reliquae</span> <span class='ocrx_word' id='word_1_11' title='bbox 1559 216 1801 265; x_wconf 82' lang='lat' dir='ltr'>Minervae</span> <span class='ocrx_word' id='word_1_12' title='bbox 1837 217 2032 264; x_wconf 85' lang='lat' dir='ltr'>virtutes</span> <span class='ocrx_word' id='word_1_13' title='bbox 2068 226 2366 284; x_wconf 88' lang='lat' dir='ltr'>repetuntur:</span> 
     </span>
     <span class='ocr_line' id='line_1_3' title="bbox 460 290 1866 366; baseline -0.003 -14"><span class='ocrx_word' id='word_1_14' title='bbox 460 296 647 360; x_wconf 73' lang='grc' dir='ltr'><strong><em>Αὐτός</em></strong></span> <span class='ocrx_word' id='word_1_15' title='bbox 681 290 790 350; x_wconf 76' lang='grc' dir='ltr'>δ’ἐκ</span> <span class='ocrx_word' id='word_1_16' title='bbox 824 299 1051 365; x_wconf 77' lang='grc' dir='ltr'><em>κεφαλῆς</em></span> <span class='ocrx_word' id='word_1_17' title='bbox 1084 293 1424 363; x_wconf 74' lang='grc' dir='ltr'><strong><em>γλαυκώπιδα</em></strong></span> <span class='ocrx_word' id='word_1_18' title='bbox 1465 298 1866 366; x_wconf 72' lang='grc' dir='ltr'><strong><em>Τριτογένειαν,</em></strong></span> 
     </span>
     <span class='ocr_line' id='line_1_4' title="bbox 461 373 1902 445; baseline -0.001 -13"><span class='ocrx_word' id='word_1_19' title='bbox 461 377 663 444; x_wconf 75' lang='grc' dir='ltr'><em>Δεινήν</em></span> <span class='ocrx_word' id='word_1_20' title='bbox 696 373 1125 445; x_wconf 67' lang='grc' dir='ltr'><em>ἀγροκύὸοιμον,</em></span> <span class='ocrx_word' id='word_1_21' title='bbox 1161 378 1524 445; x_wconf 67' lang='grc' dir='ltr'><strong><em>ἀγέστρατον,</em></strong></span> <span class='ocrx_word' id='word_1_22' title='bbox 1563 377 1902 445; x_wconf 75' lang='grc' dir='ltr'><em>ἀτρυτώνην,</em></span> 
     </span>
     <span class='ocr_line' id='line_1_5' title="bbox 464 453 2010 529; baseline 0.001 -18"><span class='ocrx_word' id='word_1_23' title='bbox 464 457 728 520; x_wconf 63' lang='grc' dir='ltr'>Πότνιαη,</span> <span class='ocrx_word' id='word_1_24' title='bbox 767 458 797 529; x_wconf 76' lang='grc' dir='ltr'><em>ᾔ</em></span> <span class='ocrx_word' id='word_1_25' title='bbox 831 453 1056 510; x_wconf 74' lang='grc' dir='ltr'><strong><em>κέλαδοί</em></strong></span> <span class='ocrx_word' id='word_1_26' title='bbox 1082 480 1145 513; x_wconf 83' lang='grc' dir='ltr'>τε</span> <span class='ocrx_word' id='word_1_27' title='bbox 1180 453 1318 512; x_wconf 75' lang='grc' dir='ltr'><em>ἅδον</em></span> <span class='ocrx_word' id='word_1_28' title='bbox 1352 458 1592 526; x_wconf 74' lang='grc' dir='ltr'><em>πόλεμοί</em></span> <span class='ocrx_word' id='word_1_29' title='bbox 1619 479 1683 512; x_wconf 82' lang='grc' dir='ltr'>τε</span> <span class='ocrx_word' id='word_1_30' title='bbox 1715 456 1899 525; x_wconf 81' lang='grc' dir='ltr'><strong><em>μάχαι</em></strong></span> <span class='ocrx_word' id='word_1_31' title='bbox 1936 480 2010 512; x_wconf 86' lang='grc' dir='ltr'>τε.</span> 
     </span>
    </p>

    <p class='ocr_par' dir='ltr' id='par_1_3' title="bbox 193 540 998 589">
     <span class='ocr_line' id='line_1_6' title="bbox 193 540 998 589; baseline -0.001 0"><span class='ocrx_word' id='word_1_32' title='bbox 193 541 299 589; x_wconf 90' lang='lat' dir='ltr'>coll.</span> <span class='ocrx_word' id='word_1_33' title='bbox 340 540 471 588; x_wconf 88' lang='lat' dir='ltr'>Scut.</span> <span class='ocrx_word' id='word_1_34' title='bbox 509 542 652 588; x_wconf 81' lang='lat' dir='ltr'>Herc.</span> <span class='ocrx_word' id='word_1_35' title='bbox 697 540 998 588; x_wconf 83' lang='lat'>197—200.</span> 
     </span>
    </p>

    <p class='ocr_par' dir='ltr' id='par_1_4' title="bbox 191 620 2601 1337">
     <span class='ocr_line' id='line_1_7' title="bbox 398 620 2601 691; baseline 0.001 -22"><span class='ocrx_word' id='word_1_36' title='bbox 398 621 533 684; x_wconf 81' lang='lat' dir='ltr'>Quae</span> <span class='ocrx_word' id='word_1_37' title='bbox 567 637 676 669; x_wconf 89' lang='lat' dir='ltr'>cum</span> <span class='ocrx_word' id='word_1_38' title='bbox 713 621 777 670; x_wconf 87' lang='lat' dir='ltr'>ita</span> <span class='ocrx_word' id='word_1_39' title='bbox 812 622 923 682; x_wconf 88' lang='lat' dir='ltr'>sint,</span> <span class='ocrx_word' id='word_1_40' title='bbox 960 620 1161 670; x_wconf 84' lang='lat' dir='ltr'>dubitari</span> <span class='ocrx_word' id='word_1_41' title='bbox 1200 638 1291 668; x_wconf 95' lang='lat' dir='ltr'>non</span> <span class='ocrx_word' id='word_1_42' title='bbox 1329 632 1494 687; x_wconf 88' lang='lat' dir='ltr'>potest,</span> <span class='ocrx_word' id='word_1_43' title='bbox 1531 623 1645 691; x_wconf 89' lang='lat' dir='ltr'>quin</span> <span class='ocrx_word' id='word_1_44' title='bbox 1683 623 1878 670; x_wconf 86' lang='lat' dir='ltr'>virtutes</span> <span class='ocrx_word' id='word_1_45' title='bbox 1922 622 2225 689; x_wconf 84' lang='lat' dir='ltr'>praecipuae,</span> <span class='ocrx_word' id='word_1_46' title='bbox 2273 639 2391 688; x_wconf 84' lang='lat' dir='ltr'>quae</span> <span class='ocrx_word' id='word_1_47' title='bbox 2426 623 2601 671; x_wconf 85' lang='lat' dir='ltr'>Miner-</span> 
     </span>
     <span class='ocr_line' id='line_1_8' title="bbox 191 701 2597 771; baseline 0 -20"><span class='ocrx_word' id='word_1_48' title='bbox 191 720 275 751; x_wconf 82' lang='lat' dir='ltr'>vae</span> <span class='ocrx_word' id='word_1_49' title='bbox 312 702 601 763; x_wconf 86' lang='lat' dir='ltr'>tribuuntur,</span> <span class='ocrx_word' id='word_1_50' title='bbox 641 718 804 750; x_wconf 90' lang='lat' dir='ltr'>omnes</span> <span class='ocrx_word' id='word_1_51' title='bbox 839 702 931 750; x_wconf 90' lang='lat' dir='ltr'>iam</span> <span class='ocrx_word' id='word_1_52' title='bbox 968 713 1074 749; x_wconf 88' lang='lat' dir='ltr'>ante</span> <span class='ocrx_word' id='word_1_53' title='bbox 1109 701 1307 750; x_wconf 87' lang='lat' dir='ltr'>Homeri</span> <span class='ocrx_word' id='word_1_54' title='bbox 1345 713 1539 751; x_wconf 87' lang='lat' dir='ltr'>aetatem</span> <span class='ocrx_word' id='word_1_55' title='bbox 1578 704 1813 755; x_wconf 87' lang='lat' dir='ltr'>communi</span> <span class='ocrx_word' id='word_1_56' title='bbox 1853 703 2010 771; x_wconf 92' lang='lat' dir='ltr'>populi</span> <span class='ocrx_word' id='word_1_57' title='bbox 2036 720 2265 751; x_wconf 90' lang='lat' dir='ltr'>consensu</span> <span class='ocrx_word' id='word_1_58' title='bbox 2291 713 2338 750; x_wconf 87' lang='lat' dir='ltr'>et</span> <span class='ocrx_word' id='word_1_59' title='bbox 2370 704 2597 752; x_wconf 80' lang='lat' dir='ltr'>constanti</span> 
     </span>
     <span class='ocr_line' id='line_1_9' title="bbox 193 783 2596 850; baseline 0 -18"><span class='ocrx_word' id='word_1_60' title='bbox 193 802 280 833; x_wconf 90' lang='lat' dir='ltr'>usu</span> <span class='ocrx_word' id='word_1_61' title='bbox 317 783 385 831; x_wconf 91' lang='lat' dir='ltr'>illi</span> <span class='ocrx_word' id='word_1_62' title='bbox 424 783 487 832; x_wconf 85' lang='lat' dir='ltr'>ita</span> <span class='ocrx_word' id='word_1_63' title='bbox 521 784 784 849; x_wconf 70' lang='lat' dir='ltr'><strong>assignatae</strong></span> <span class='ocrx_word' id='word_1_64' title='bbox 820 784 931 844; x_wconf 87' lang='lat' dir='ltr'>sint,</span> <span class='ocrx_word' id='word_1_65' title='bbox 969 795 1017 832; x_wconf 85' lang='lat' dir='ltr'>ut</span> <span class='ocrx_word' id='word_1_66' title='bbox 1056 794 1218 850; x_wconf 89' lang='lat' dir='ltr'>poetae</span> <span class='ocrx_word' id='word_1_67' title='bbox 1250 783 1365 831; x_wconf 89' lang='lat' dir='ltr'>nibil</span> <span class='ocrx_word' id='word_1_68' title='bbox 1391 797 1471 832; x_wconf 84' lang='lat' dir='ltr'>aut</span> <span class='ocrx_word' id='word_1_69' title='bbox 1493 784 1662 833; x_wconf 87' lang='lat' dir='ltr'>addere</span> <span class='ocrx_word' id='word_1_70' title='bbox 1687 796 1767 833; x_wconf 85' lang='lat' dir='ltr'>aut</span> <span class='ocrx_word' id='word_1_71' title='bbox 1792 785 1976 834; x_wconf 84' lang='lat' dir='ltr'>demere</span> <span class='ocrx_word' id='word_1_72' title='bbox 2001 784 2200 833; x_wconf 76' lang='lat' dir='ltr'>licuerit.</span> <span class='ocrx_word' id='word_1_73' title='bbox 2269 783 2417 847; x_wconf 70' lang='lat' dir='ltr'>⁴Quod</span> <span class='ocrx_word' id='word_1_74' title='bbox 2442 795 2596 833; x_wconf 89' lang='lat' dir='ltr'>autem</span> 
     </span>
     <span class='ocr_line' id='line_1_10' title="bbox 194 864 2596 932; baseline -0 -19"><span class='ocrx_word' id='word_1_75' title='bbox 194 866 432 914; x_wconf 77' lang='lat' dir='ltr'><strong>Homerus</strong></span> <span class='ocrx_word' id='word_1_76' title='bbox 470 883 561 913; x_wconf 85' lang='lat' dir='ltr'>non</span> <span class='ocrx_word' id='word_1_77' title='bbox 598 883 761 914; x_wconf 88' lang='lat' dir='ltr'>omnes</span> <span class='ocrx_word' id='word_1_78' title='bbox 798 876 952 932; x_wconf 87' lang='lat' dir='ltr'>partes</span> <span class='ocrx_word' id='word_1_79' title='bbox 988 864 1170 914; x_wconf 77' lang='lat' dir='ltr'>fabulae</span> <span class='ocrx_word' id='word_1_80' title='bbox 1207 865 1263 914; x_wconf 92' lang='lat' dir='ltr'>de</span> <span class='ocrx_word' id='word_1_81' title='bbox 1298 865 1509 914; x_wconf 84' lang='lat' dir='ltr'>Minerva</span> <span class='ocrx_word' id='word_1_82' title='bbox 1546 865 1730 932; x_wconf 85' lang='lat' dir='ltr'>attigit,</span> <span class='ocrx_word' id='word_1_83' title='bbox 1767 866 1810 914; x_wconf 85' lang='lat' dir='ltr'>id</span> <span class='ocrx_word' id='word_1_84' title='bbox 1851 866 2022 915; x_wconf 74' lang='lat' dir='ltr'>sactum</span> <span class='ocrx_word' id='word_1_85' title='bbox 2061 877 2132 914; x_wconf 86' lang='lat' dir='ltr'>est</span> <span class='ocrx_word' id='word_1_86' title='bbox 2167 865 2362 914; x_wconf 89' lang='lat' dir='ltr'>consilio</span> <span class='ocrx_word' id='word_1_87' title='bbox 2398 865 2596 932; x_wconf 90' lang='lat' dir='ltr'>poetico,</span> 
     </span>
     <span class='ocr_line' id='line_1_11' title="bbox 193 945 2600 1015; baseline 0 -22"><span class='ocrx_word' id='word_1_88' title='bbox 193 945 316 1014; x_wconf 90' lang='lat' dir='ltr'>quod</span> <span class='ocrx_word' id='word_1_89' title='bbox 362 946 409 994; x_wconf 90' lang='lat' dir='ltr'>in</span> <span class='ocrx_word' id='word_1_90' title='bbox 459 958 657 1014; x_wconf 87' lang='lat' dir='ltr'>utroque</span> <span class='ocrx_word' id='word_1_91' title='bbox 702 947 908 995; x_wconf 75' lang='lat' dir='ltr'><strong>carmine</strong></span> <span class='ocrx_word' id='word_1_92' title='bbox 952 946 1079 994; x_wconf 88' lang='lat' dir='ltr'>aliud</span> <span class='ocrx_word' id='word_1_93' title='bbox 1124 957 1209 994; x_wconf 89' lang='lat' dir='ltr'>est.</span> <span class='ocrx_word' id='word_1_94' title='bbox 1282 946 1405 994; x_wconf 88' lang='lat' dir='ltr'>Nam</span> <span class='ocrx_word' id='word_1_95' title='bbox 1452 948 1497 995; x_wconf 92' lang='lat' dir='ltr'>in</span> <span class='ocrx_word' id='word_1_96' title='bbox 1548 946 1693 996; x_wconf 90' lang='lat' dir='ltr'>lliade</span> <span class='ocrx_word' id='word_1_97' title='bbox 1740 947 1904 995; x_wconf 89' lang='lat' dir='ltr'>bellica</span> <span class='ocrx_word' id='word_1_98' title='bbox 1953 947 2248 1015; x_wconf 90' lang='lat' dir='ltr'>potissimum</span> <span class='ocrx_word' id='word_1_99' title='bbox 2294 946 2405 994; x_wconf 89' lang='lat' dir='ltr'>deae</span> <span class='ocrx_word' id='word_1_100' title='bbox 2452 946 2600 994; x_wconf 87' lang='lat' dir='ltr'>virtus</span> 
     </span>
     <span class='ocr_line' id='line_1_12' title="bbox 193 1025 2598 1095; baseline -0 -21"><span class='ocrx_word' id='word_1_101' title='bbox 193 1025 448 1094; x_wconf 84' lang='lat' dir='ltr'>apparet¹),</span> <span class='ocrx_word' id='word_1_102' title='bbox 485 1028 532 1074; x_wconf 92' lang='lat' dir='ltr'>in</span> <span class='ocrx_word' id='word_1_103' title='bbox 571 1026 782 1094; x_wconf 80' lang='lat' dir='ltr'><strong>Odyssea</strong></span> <span class='ocrx_word' id='word_1_104' title='bbox 817 1028 1057 1075; x_wconf 83' lang='lat' dir='ltr'>Minervae</span> <span class='ocrx_word' id='word_1_105' title='bbox 1093 1027 1218 1075; x_wconf 86' lang='lat' dir='ltr'>Ulixi</span> <span class='ocrx_word' id='word_1_106' title='bbox 1256 1029 1588 1095; x_wconf 77' lang='lat' dir='ltr'>patrocinantis</span> <span class='ocrx_word' id='word_1_107' title='bbox 1623 1029 1869 1076; x_wconf 90' lang='lat' dir='ltr'>consilium</span> <span class='ocrx_word' id='word_1_108' title='bbox 1917 1047 1970 1075; x_wconf 89' lang='lat' dir='ltr'>ac</span> <span class='ocrx_word' id='word_1_109' title='bbox 2019 1027 2307 1095; x_wconf 77' lang='lat' dir='ltr'>sapientia2).</span> <span class='ocrx_word' id='word_1_110' title='bbox 2382 1029 2525 1074; x_wconf 88' lang='lat' dir='ltr'>Poeta</span> <span class='ocrx_word' id='word_1_111' title='bbox 2560 1030 2598 1074; x_wconf 92' lang='lat' dir='ltr'>si</span> 
     </span>
     <span class='ocr_line' id='line_1_13' title="bbox 193 1108 2601 1176; baseline -0 -21"><span class='ocrx_word' id='word_1_112' title='bbox 193 1108 379 1169; x_wconf 89' lang='lat' dir='ltr'>omnia,</span> <span class='ocrx_word' id='word_1_113' title='bbox 416 1126 535 1175; x_wconf 88' lang='lat' dir='ltr'>quae</span> <span class='ocrx_word' id='word_1_114' title='bbox 570 1108 626 1156; x_wconf 89' lang='lat' dir='ltr'>de</span> <span class='ocrx_word' id='word_1_115' title='bbox 661 1108 876 1157; x_wconf 85' lang='lat' dir='ltr'>Minerva</span> <span class='ocrx_word' id='word_1_116' title='bbox 912 1109 958 1156; x_wconf 92' lang='lat' dir='ltr'>in</span> <span class='ocrx_word' id='word_1_117' title='bbox 996 1109 1154 1176; x_wconf 88' lang='lat' dir='ltr'>populi</span> <span class='ocrx_word' id='word_1_118' title='bbox 1192 1128 1271 1156; x_wconf 92' lang='lat' dir='ltr'>ore</span> <span class='ocrx_word' id='word_1_119' title='bbox 1308 1121 1463 1167; x_wconf 87' lang='lat' dir='ltr'>erant,</span> <span class='ocrx_word' id='word_1_120' title='bbox 1511 1122 1634 1157; x_wconf 87' lang='lat' dir='ltr'>esset</span> <span class='ocrx_word' id='word_1_121' title='bbox 1679 1109 1975 1176; x_wconf 89' lang='lat' dir='ltr'>prolocutus,</span> <span class='ocrx_word' id='word_1_122' title='bbox 2022 1109 2323 1157; x_wconf 88' lang='lat' dir='ltr'>metuendum</span> <span class='ocrx_word' id='word_1_123' title='bbox 2371 1120 2495 1168; x_wconf 84' lang='lat' dir='ltr'>erat,</span> <span class='ocrx_word' id='word_1_124' title='bbox 2543 1126 2601 1155; x_wconf 88' lang='lat' dir='ltr'>ne</span> 
     </span>
     <span class='ocr_line' id='line_1_14' title="bbox 193 1188 2596 1258; baseline 0 -23"><span class='ocrx_word' id='word_1_125' title='bbox 193 1188 491 1254; x_wconf 76' lang='lat' dir='ltr'>pulchritudo</span> <span class='ocrx_word' id='word_1_126' title='bbox 527 1189 777 1258; x_wconf 76' lang='lat' dir='ltr'>carminis,</span> <span class='ocrx_word' id='word_1_127' title='bbox 815 1189 938 1255; x_wconf 88' lang='lat' dir='ltr'>quod</span> <span class='ocrx_word' id='word_1_128' title='bbox 975 1208 1119 1236; x_wconf 92' lang='lat' dir='ltr'>unum</span> <span class='ocrx_word' id='word_1_129' title='bbox 1168 1201 1215 1237; x_wconf 92' lang='lat' dir='ltr'>et</span> <span class='ocrx_word' id='word_1_130' title='bbox 1259 1190 1454 1256; x_wconf 83' lang='lat' dir='ltr'>simplex</span> <span class='ocrx_word' id='word_1_131' title='bbox 1495 1209 1599 1238; x_wconf 89' lang='lat' dir='ltr'>esse</span> <span class='ocrx_word' id='word_1_132' title='bbox 1641 1189 1864 1250; x_wconf 85' lang='lat' dir='ltr'>debebat,</span> <span class='ocrx_word' id='word_1_133' title='bbox 1912 1191 2071 1238; x_wconf 89' lang='lat' dir='ltr'>multis</span> <span class='ocrx_word' id='word_1_134' title='bbox 2117 1190 2268 1237; x_wconf 90' lang='lat' dir='ltr'>modis</span> <span class='ocrx_word' id='word_1_135' title='bbox 2314 1190 2596 1238; x_wconf 81' lang='lat' dir='ltr'>turbaretur.</span> 
     </span>
     <span class='ocr_line' id='line_1_15' title="bbox 194 1269 2417 1337; baseline 0 -21"><span class='ocrx_word' id='word_1_136' title='bbox 194 1269 431 1317; x_wconf 81' lang='lat' dir='ltr'>Homerus</span> <span class='ocrx_word' id='word_1_137' title='bbox 467 1269 614 1335; x_wconf 84' lang='lat' dir='ltr'>igitur</span> <span class='ocrx_word' id='word_1_138' title='bbox 658 1285 776 1336; x_wconf 89' lang='lat' dir='ltr'>quae</span> <span class='ocrx_word' id='word_1_139' title='bbox 812 1280 959 1331; x_wconf 90' lang='lat' dir='ltr'>tacet,</span> <span class='ocrx_word' id='word_1_140' title='bbox 997 1287 1049 1318; x_wconf 91' lang='lat' dir='ltr'>ea</span> <span class='ocrx_word' id='word_1_141' title='bbox 1085 1269 1142 1318; x_wconf 90' lang='lat' dir='ltr'>de</span> <span class='ocrx_word' id='word_1_142' title='bbox 1178 1269 1407 1318; x_wconf 86' lang='lat' dir='ltr'>industria</span> <span class='ocrx_word' id='word_1_143' title='bbox 1442 1270 1626 1319; x_wconf 91' lang='lat' dir='ltr'>silentio</span> <span class='ocrx_word' id='word_1_144' title='bbox 1664 1270 2029 1337; x_wconf 80' lang='lat' dir='ltr'>praetermisisse</span> <span class='ocrx_word' id='word_1_145' title='bbox 2067 1269 2299 1337; x_wconf 81' lang='lat' dir='ltr'>putandus</span> <span class='ocrx_word' id='word_1_146' title='bbox 2334 1281 2417 1318; x_wconf 89' lang='lat' dir='ltr'>est.</span> 
     </span>
    </p>

    <p class='ocr_par' dir='ltr' id='par_1_5' title="bbox 193 1350 2601 2475">
     <span class='ocr_line' id='line_1_16' title="bbox 396 1350 2595 1418; baseline 0 -21"><span class='ocrx_word' id='word_1_147' title='bbox 396 1350 611 1398; x_wconf 87' lang='lat' dir='ltr'>Minerva</span> <span class='ocrx_word' id='word_1_148' title='bbox 647 1351 692 1398; x_wconf 91' lang='lat' dir='ltr'>in</span> <span class='ocrx_word' id='word_1_149' title='bbox 731 1369 785 1399; x_wconf 90' lang='lat' dir='ltr'>ea</span> <span class='ocrx_word' id='word_1_150' title='bbox 821 1351 922 1418; x_wconf 90' lang='lat' dir='ltr'>ipsa</span> <span class='ocrx_word' id='word_1_151' title='bbox 956 1351 1088 1412; x_wconf 85' lang='lat' dir='ltr'>urbe,</span> <span class='ocrx_word' id='word_1_152' title='bbox 1125 1351 1199 1398; x_wconf 92' lang='lat' dir='ltr'>cui</span> <span class='ocrx_word' id='word_1_153' title='bbox 1239 1369 1406 1399; x_wconf 90' lang='lat' dir='ltr'>nomen</span> <span class='ocrx_word' id='word_1_154' title='bbox 1443 1351 1585 1409; x_wconf 82' lang='lat' dir='ltr'>dedit,</span> <span class='ocrx_word' id='word_1_155' title='bbox 1623 1363 1717 1399; x_wconf 89' lang='lat' dir='ltr'>tam</span> <span class='ocrx_word' id='word_1_156' title='bbox 1755 1351 1940 1399; x_wconf 87' lang='lat' dir='ltr'>assiduo</span> <span class='ocrx_word' id='word_1_157' title='bbox 1977 1351 2133 1400; x_wconf 87' lang='lat' dir='ltr'>studio</span> <span class='ocrx_word' id='word_1_158' title='bbox 2168 1351 2423 1410; x_wconf 78' lang='lat' dir='ltr'>colebatur,</span> <span class='ocrx_word' id='word_1_159' title='bbox 2461 1362 2514 1398; x_wconf 92' lang='lat' dir='ltr'>ut</span> <span class='ocrx_word' id='word_1_160' title='bbox 2549 1351 2595 1398; x_wconf 95' lang='lat' dir='ltr'>in</span> 
     </span>
     <span class='ocr_line' id='line_1_17' title="bbox 195 1430 2596 1500; baseline 0.001 -23"><span class='ocrx_word' id='word_1_161' title='bbox 195 1430 412 1479; x_wconf 90' lang='lat' dir='ltr'>omnibus</span> <span class='ocrx_word' id='word_1_162' title='bbox 447 1449 614 1480; x_wconf 88' lang='lat' dir='ltr'>rerum.</span> <span class='ocrx_word' id='word_1_163' title='bbox 641 1442 688 1480; x_wconf 84' lang='lat' dir='ltr'>et</span> <span class='ocrx_word' id='word_1_164' title='bbox 722 1432 1012 1500; x_wconf 86' lang='lat' dir='ltr'>publicarum</span> <span class='ocrx_word' id='word_1_165' title='bbox 1050 1444 1097 1480; x_wconf 92' lang='lat' dir='ltr'>et</span> <span class='ocrx_word' id='word_1_166' title='bbox 1120 1433 1405 1499; x_wconf 87' lang='lat' dir='ltr'>privatarum</span> <span class='ocrx_word' id='word_1_167' title='bbox 1442 1433 1649 1499; x_wconf 89' lang='lat' dir='ltr'>partibus</span> <span class='ocrx_word' id='word_1_168' title='bbox 1675 1451 1891 1499; x_wconf 91' lang='lat' dir='ltr'>praesens</span> <span class='ocrx_word' id='word_1_169' title='bbox 1916 1433 2095 1482; x_wconf 89' lang='lat' dir='ltr'>civibus</span> <span class='ocrx_word' id='word_1_170' title='bbox 2118 1433 2278 1481; x_wconf 77' lang='lat' dir='ltr'>adesse</span> <span class='ocrx_word' id='word_1_171' title='bbox 2315 1431 2596 1480; x_wconf 86' lang='lat' dir='ltr'>crederetur.</span> 
     </span>
     <span class='ocr_line' id='line_1_18' title="bbox 195 1511 2601 1582; baseline 0 -22"><span class='ocrx_word' id='word_1_172' title='bbox 195 1512 357 1580; x_wconf 85' lang='lat' dir='ltr'>ltaque</span> <span class='ocrx_word' id='word_1_173' title='bbox 377 1512 474 1563; x_wconf 73' lang='lat' dir='ltr'>,illa</span> <span class='ocrx_word' id='word_1_174' title='bbox 509 1532 602 1562; x_wconf 92' lang='lat' dir='ltr'>non</span> <span class='ocrx_word' id='word_1_175' title='bbox 639 1513 790 1562; x_wconf 90' lang='lat' dir='ltr'>solum</span> <span class='ocrx_word' id='word_1_176' title='bbox 828 1514 958 1582; x_wconf 89' lang='lat' dir='ltr'>quasi</span> <span class='ocrx_word' id='word_1_177' title='bbox 996 1513 1221 1582; x_wconf 87' lang='lat' dir='ltr'>quaedam</span> <span class='ocrx_word' id='word_1_178' title='bbox 1257 1511 1449 1575; x_wconf 73' lang='grc' dir='ltr'><em>πολιοές</em></span> <span class='ocrx_word' id='word_1_179' title='bbox 1476 1526 1521 1562; x_wconf 91' lang='lat' dir='ltr'>et</span> <span class='ocrx_word' id='word_1_180' title='bbox 1556 1513 1855 1581; x_wconf 78' lang='grc' dir='ltr'><em>ἀρχηγέτις</em></span> <span class='ocrx_word' id='word_1_181' title='bbox 1883 1516 2219 1582; x_wconf 79' lang='lat' dir='ltr'>agriculturam</span> <span class='ocrx_word' id='word_1_182' title='bbox 2256 1525 2303 1563; x_wconf 88' lang='lat' dir='ltr'>et</span> <span class='ocrx_word' id='word_1_183' title='bbox 2326 1532 2425 1562; x_wconf 85' lang='lat' dir='ltr'>rem</span> <span class='ocrx_word' id='word_1_184' title='bbox 2464 1513 2601 1561; x_wconf 90' lang='lat' dir='ltr'>mari-</span> 
     </span>
     <span class='ocr_line' id='line_1_19' title="bbox 195 1593 2601 1665; baseline 0 -23"><span class='ocrx_word' id='word_1_185' title='bbox 195 1595 356 1642; x_wconf 88' lang='lat' dir='ltr'>timam</span> <span class='ocrx_word' id='word_1_186' title='bbox 403 1595 621 1644; x_wconf 88' lang='lat' dir='ltr'>tuebatur</span> <span class='ocrx_word' id='word_1_187' title='bbox 638 1594 702 1662; x_wconf 79' lang='lat'>³),</span> <span class='ocrx_word' id='word_1_188' title='bbox 757 1607 908 1663; x_wconf 88' lang='lat' dir='ltr'>atque-</span> <span class='ocrx_word' id='word_1_189' title='bbox 939 1594 1308 1662; x_wconf 68' lang='lat' dir='ltr'>arae‘cheloeg</span> <span class='ocrx_word' id='word_1_190' title='bbox 1349 1597 1555 1646; x_wconf 79' lang='lat' dir='ltr'>assidens</span> <span class='ocrx_word' id='word_1_191' title='bbox 1600 1597 1739 1646; x_wconf 84' lang='lat' dir='ltr'>saluti</span> <span class='ocrx_word' id='word_1_192' title='bbox 1794 1597 2035 1645; x_wconf 89' lang='lat' dir='ltr'>bominum</span> <span class='ocrx_word' id='word_1_193' title='bbox 2083 1597 2391 1665; x_wconf 84' lang='lat' dir='ltr'>prospiciebat</span> <span class='ocrx_word' id='word_1_194' title='bbox 2408 1593 2475 1661; x_wconf 85' lang='lat'>⁴),</span> <span class='ocrx_word' id='word_1_195' title='bbox 2520 1594 2601 1643; x_wconf 91' lang='lat' dir='ltr'>sed</span> 
     </span>
     <span class='ocr_line' id='line_1_20' title="bbox 195 1666 2598 1745; baseline 0.001 -23"><span class='ocrx_word' id='word_1_196' title='bbox 195 1677 333 1723; x_wconf 87' lang='lat' dir='ltr'>etiam</span> <span class='ocrx_word' id='word_1_197' title='bbox 371 1676 456 1723; x_wconf 86' lang='lat' dir='ltr'>dea</span> <span class='ocrx_word' id='word_1_198' title='bbox 491 1680 612 1743; x_wconf 68' lang='grc' dir='ltr'><em>’νίκη</em></span> <span class='ocrx_word' id='word_1_199' title='bbox 642 1682 734 1729; x_wconf 77' lang='grc' dir='ltr'>καὶ</span> <span class='ocrx_word' id='word_1_200' title='bbox 768 1675 1126 1745; x_wconf 69' lang='grc' dir='ltr'><em>εἰρηνοφόρος</em></span> <span class='ocrx_word' id='word_1_201' title='bbox 1162 1677 1283 1725; x_wconf 89' lang='lat' dir='ltr'>bella</span> <span class='ocrx_word' id='word_1_202' title='bbox 1318 1679 1376 1726; x_wconf 91' lang='lat' dir='ltr'>ad</span> <span class='ocrx_word' id='word_1_203' title='bbox 1413 1679 1567 1727; x_wconf 79' lang='lat' dir='ltr'>felices</span> <span class='ocrx_word' id='word_1_204' title='bbox 1603 1680 1753 1726; x_wconf 86' lang='lat' dir='ltr'>exitus</span> <span class='ocrx_word' id='word_1_205' title='bbox 1790 1666 2134 1745; x_wconf 71' lang='lat' dir='ltr'>perducebat5),</span> <span class='ocrx_word' id='word_1_206' title='bbox 2171 1678 2369 1745; x_wconf 87' lang='lat' dir='ltr'>denique</span> <span class='ocrx_word' id='word_1_207' title='bbox 2405 1690 2527 1725; x_wconf 86' lang='lat' dir='ltr'>artes</span> <span class='ocrx_word' id='word_1_208' title='bbox 2551 1689 2598 1724; x_wconf 92' lang='lat' dir='ltr'>et</span> 
     </span>
     <span class='ocr_line' id='line_1_21' title="bbox 195 1757 2599 1826; baseline 0 -22"><span class='ocrx_word' id='word_1_209' title='bbox 195 1757 371 1805; x_wconf 86' lang='lat' dir='ltr'>litteras</span> <span class='ocrx_word' id='word_1_210' title='bbox 407 1769 545 1824; x_wconf 87' lang='lat' dir='ltr'>atque</span> <span class='ocrx_word' id='word_1_211' title='bbox 579 1758 709 1806; x_wconf 87' lang='lat' dir='ltr'>varia</span> <span class='ocrx_word' id='word_1_212' title='bbox 743 1770 962 1825; x_wconf 89' lang='lat' dir='ltr'>quaestus</span> <span class='ocrx_word' id='word_1_213' title='bbox 996 1776 1170 1824; x_wconf 81' lang='lat' dir='ltr'>genera</span> <span class='ocrx_word' id='word_1_214' title='bbox 1216 1759 1445 1826; x_wconf 89' lang='lat' dir='ltr'>praesidio</span> <span class='ocrx_word' id='word_1_215' title='bbox 1470 1778 1574 1815; x_wconf 56' lang='lat' dir='ltr'>,suo</span> <span class='ocrx_word' id='word_1_216' title='bbox 1617 1759 1834 1825; x_wconf 86' lang='lat' dir='ltr'>augebat.</span> <span class='ocrx_word' id='word_1_217' title='bbox 1909 1761 2130 1807; x_wconf 87' lang='lat' dir='ltr'>Praeerat</span> <span class='ocrx_word' id='word_1_218' title='bbox 2174 1759 2334 1808; x_wconf 88' lang='lat' dir='ltr'>eadem</span> <span class='ocrx_word' id='word_1_219' title='bbox 2380 1758 2599 1825; x_wconf 90' lang='lat' dir='ltr'>operibus</span> 
     </span>
     <span class='ocr_line' id='line_1_22' title="bbox 195 1835 2595 1907; baseline 0 -21"><span class='ocrx_word' id='word_1_220' title='bbox 195 1838 464 1900; x_wconf 83' lang='lat' dir='ltr'>mulierum,</span> <span class='ocrx_word' id='word_1_221' title='bbox 491 1838 723 1905; x_wconf 85' lang='lat' dir='ltr'>imprimis</span> <span class='ocrx_word' id='word_1_222' title='bbox 748 1838 970 1901; x_wconf 86' lang='lat' dir='ltr'>lanificio,</span> <span class='ocrx_word' id='word_1_223' title='bbox 1006 1857 1149 1907; x_wconf 89' lang='lat' dir='ltr'>quare</span> <span class='ocrx_word' id='word_1_224' title='bbox 1174 1841 1221 1888; x_wconf 94' lang='lat' dir='ltr'>in</span> <span class='ocrx_word' id='word_1_225' title='bbox 1246 1840 1384 1907; x_wconf 82' lang='lat' dir='ltr'>adyto</span> <span class='ocrx_word' id='word_1_226' title='bbox 1410 1858 1616 1889; x_wconf 91' lang='lat' dir='ltr'>summae</span> <span class='ocrx_word' id='word_1_227' title='bbox 1640 1840 1760 1888; x_wconf 91' lang='lat' dir='ltr'>arcis</span> <span class='ocrx_word' id='word_1_228' title='bbox 1788 1852 2022 1907; x_wconf 88' lang='lat' dir='ltr'>tamquam</span> <span class='ocrx_word' id='word_1_229' title='bbox 2048 1839 2134 1888; x_wconf 88' lang='lat' dir='ltr'>dea</span> <span class='ocrx_word' id='word_1_230' title='bbox 2157 1835 2356 1907; x_wconf 75' lang='grc' dir='ltr'><em>ἐργάνη</em></span> <span class='ocrx_word' id='word_1_231' title='bbox 2379 1839 2595 1907; x_wconf 84' lang='lat' dir='ltr'>(operosa</span> 
     </span>
     <span class='ocr_line' id='line_1_23' title="bbox 193 1918 2601 1988; baseline 0 -21"><span class='ocrx_word' id='word_1_232' title='bbox 193 1918 385 1986; x_wconf 86' lang='lat' dir='ltr'>Horat.)</span> <span class='ocrx_word' id='word_1_233' title='bbox 422 1919 677 1968; x_wconf 86' lang='lat' dir='ltr'>colebatur.</span> <span class='ocrx_word' id='word_1_234' title='bbox 754 1920 887 1984; x_wconf 85' lang='lat' dir='ltr'>Quas</span> <span class='ocrx_word' id='word_1_235' title='bbox 921 1921 1118 1968; x_wconf 87' lang='lat' dir='ltr'>virtutes</span> <span class='ocrx_word' id='word_1_236' title='bbox 1153 1922 1236 1969; x_wconf 90' lang='lat' dir='ltr'>etsi</span> <span class='ocrx_word' id='word_1_237' title='bbox 1276 1940 1367 1969; x_wconf 94' lang='lat' dir='ltr'>non</span> <span class='ocrx_word' id='word_1_238' title='bbox 1405 1940 1564 1969; x_wconf 88' lang='lat' dir='ltr'>omnes</span> <span class='ocrx_word' id='word_1_239' title='bbox 1606 1922 1664 1970; x_wconf 89' lang='lat' dir='ltr'>ab</span> <span class='ocrx_word' id='word_1_240' title='bbox 1699 1922 1911 1969; x_wconf 90' lang='lat' dir='ltr'>Homero</span> <span class='ocrx_word' id='word_1_241' title='bbox 1948 1920 2203 1988; x_wconf 87' lang='lat' dir='ltr'>praedicari</span> <span class='ocrx_word' id='word_1_242' title='bbox 2249 1922 2455 1988; x_wconf 89' lang='lat' dir='ltr'>potuisse</span> <span class='ocrx_word' id='word_1_243' title='bbox 2491 1938 2601 1968; x_wconf 89' lang='lat' dir='ltr'>con·</span> 
     </span>
     <span class='ocr_line' id='line_1_24' title="bbox 194 2000 2597 2070; baseline 0 -21"><span class='ocrx_word' id='word_1_244' title='bbox 194 2012 466 2050; x_wconf 82' lang='lat' dir='ltr'>sentaneum</span> <span class='ocrx_word' id='word_1_245' title='bbox 506 2013 592 2062; x_wconf 87' lang='lat' dir='ltr'>est,</span> <span class='ocrx_word' id='word_1_246' title='bbox 629 2013 785 2050; x_wconf 87' lang='lat' dir='ltr'>tamen</span> <span class='ocrx_word' id='word_1_247' title='bbox 821 2002 943 2050; x_wconf 89' lang='lat' dir='ltr'>baud</span> <span class='ocrx_word' id='word_1_248' title='bbox 981 2020 1154 2070; x_wconf 89' lang='lat' dir='ltr'>paucae</span> <span class='ocrx_word' id='word_1_249' title='bbox 1190 2020 1349 2050; x_wconf 90' lang='lat' dir='ltr'>earum</span> <span class='ocrx_word' id='word_1_250' title='bbox 1388 2003 1434 2050; x_wconf 93' lang='lat' dir='ltr'>in</span> <span class='ocrx_word' id='word_1_251' title='bbox 1470 2002 1614 2051; x_wconf 88' lang='lat' dir='ltr'>lliade</span> <span class='ocrx_word' id='word_1_252' title='bbox 1656 2014 1703 2051; x_wconf 89' lang='lat' dir='ltr'>et</span> <span class='ocrx_word' id='word_1_253' title='bbox 1738 2002 1948 2070; x_wconf 79' lang='lat' dir='ltr'>Odyssea</span> <span class='ocrx_word' id='word_1_254' title='bbox 1994 2014 2383 2051; x_wconf 86' lang='lat' dir='ltr'>commemoratae</span> <span class='ocrx_word' id='word_1_255' title='bbox 2425 2000 2597 2067; x_wconf 78' lang='lat' dir='ltr'>sunt⁶).</span> 
     </span>
     <span class='ocr_line' id='line_1_25' title="bbox 193 2081 2600 2151; baseline 0 -22"><span class='ocrx_word' id='word_1_256' title='bbox 193 2081 316 2129; x_wconf 90' lang='lat' dir='ltr'>Nam</span> <span class='ocrx_word' id='word_1_257' title='bbox 354 2093 400 2130; x_wconf 88' lang='lat' dir='ltr'>et</span> <span class='ocrx_word' id='word_1_258' title='bbox 435 2083 565 2130; x_wconf 87' lang='lat' dir='ltr'>navis</span> <span class='ocrx_word' id='word_1_259' title='bbox 601 2082 895 2131; x_wconf 84' lang='lat' dir='ltr'>fabricandae</span> <span class='ocrx_word' id='word_1_260' title='bbox 931 2083 1177 2131; x_wconf 86' lang='lat' dir='ltr'>consilium</span> <span class='ocrx_word' id='word_1_261' title='bbox 1216 2101 1269 2130; x_wconf 93' lang='lat' dir='ltr'>ac</span> <span class='ocrx_word' id='word_1_262' title='bbox 1305 2094 1545 2150; x_wconf 82' lang='lat' dir='ltr'>praecepta</span> <span class='ocrx_word' id='word_1_263' title='bbox 1580 2084 1674 2145; x_wconf 85' lang='lat' dir='ltr'>dat,</span> <span class='ocrx_word' id='word_1_264' title='bbox 1711 2096 1758 2132; x_wconf 91' lang='lat' dir='ltr'>et</span> <span class='ocrx_word' id='word_1_265' title='bbox 1779 2096 1930 2132; x_wconf 87' lang='lat' dir='ltr'>vestes</span> <span class='ocrx_word' id='word_1_266' title='bbox 1955 2083 2226 2150; x_wconf 82' lang='lat' dir='ltr'>magnificas</span> <span class='ocrx_word' id='word_1_267' title='bbox 2259 2095 2313 2131; x_wconf 91' lang='lat' dir='ltr'>ut</span> <span class='ocrx_word' id='word_1_268' title='bbox 2347 2086 2449 2151; x_wconf 86' lang='lat' dir='ltr'>ipsa</span> <span class='ocrx_word' id='word_1_269' title='bbox 2474 2083 2600 2144; x_wconf 75' lang='lat' dir='ltr'>facit,</span> 
     </span>
     <span class='ocr_line' id='line_1_26' title="bbox 195 2163 2600 2232; baseline 0 -22"><span class='ocrx_word' id='word_1_270' title='bbox 195 2163 257 2211; x_wconf 78' lang='lat' dir='ltr'>ita</span> <span class='ocrx_word' id='word_1_271' title='bbox 293 2163 472 2231; x_wconf 87' lang='lat' dir='ltr'>puellas</span> <span class='ocrx_word' id='word_1_272' title='bbox 507 2174 554 2211; x_wconf 91' lang='lat' dir='ltr'>et</span> <span class='ocrx_word' id='word_1_273' title='bbox 589 2163 807 2211; x_wconf 90' lang='lat' dir='ltr'>mulieres</span> <span class='ocrx_word' id='word_1_274' title='bbox 856 2163 1005 2212; x_wconf 75' lang='lat' dir='ltr'>facere</span> <span class='ocrx_word' id='word_1_275' title='bbox 1041 2163 1226 2227; x_wconf 75' lang='lat' dir='ltr'>edocet,</span> <span class='ocrx_word' id='word_1_276' title='bbox 1274 2163 1432 2213; x_wconf 89' lang='lat' dir='ltr'>eadem</span> <span class='ocrx_word' id='word_1_277' title='bbox 1479 2165 1731 2212; x_wconf 87' lang='lat' dir='ltr'>certamina</span> <span class='ocrx_word' id='word_1_278' title='bbox 1774 2176 1819 2214; x_wconf 89' lang='lat' dir='ltr'>et</span> <span class='ocrx_word' id='word_1_279' title='bbox 1863 2166 2064 2212; x_wconf 91' lang='lat' dir='ltr'>conserit</span> <span class='ocrx_word' id='word_1_280' title='bbox 2108 2176 2155 2213; x_wconf 90' lang='lat' dir='ltr'>et</span> <span class='ocrx_word' id='word_1_281' title='bbox 2189 2165 2420 2227; x_wconf 84' lang='lat' dir='ltr'>concitat,</span> <span class='ocrx_word' id='word_1_282' title='bbox 2457 2182 2600 2232; x_wconf 84' lang='lat' dir='ltr'>quare</span> 
     </span>
     <span class='ocr_line' id='line_1_27' title="bbox 195 2245 2600 2314; baseline -0.001 -18"><span class='ocrx_word' id='word_1_283' title='bbox 195 2263 527 2313; x_wconf 74' lang='lat' dir='ltr'>saepenumero</span> <span class='ocrx_word' id='word_1_284' title='bbox 570 2245 666 2311; x_wconf 77' lang='grc' dir='ltr'>ληῗ</span> <span class='ocrx_word' id='word_1_285' title='bbox 669 2264 769 2306; x_wconf 83' lang='grc' dir='ltr'><strong><em>τις,</em></strong></span> <span class='ocrx_word' id='word_1_286' title='bbox 806 2245 1031 2309; x_wconf 74' lang='grc' dir='ltr'>ἅγελεάι,</span> <span class='ocrx_word' id='word_1_287' title='bbox 1063 2245 1356 2309; x_wconf 76' lang='grc' dir='ltr'><strong><em>λαοσσόος,</em></strong></span> <span class='ocrx_word' id='word_1_288' title='bbox 1393 2246 1666 2314; x_wconf 87' lang='lat' dir='ltr'>appellatur,</span> <span class='ocrx_word' id='word_1_289' title='bbox 1707 2247 1903 2314; x_wconf 88' lang='lat' dir='ltr'>denique</span> <span class='ocrx_word' id='word_1_290' title='bbox 1940 2247 2148 2314; x_wconf 90' lang='lat' dir='ltr'>pericula</span> <span class='ocrx_word' id='word_1_291' title='bbox 2183 2259 2230 2295; x_wconf 90' lang='lat' dir='ltr'>et</span> <span class='ocrx_word' id='word_1_292' title='bbox 2265 2247 2505 2295; x_wconf 88' lang='lat' dir='ltr'>interitum</span> <span class='ocrx_word' id='word_1_293' title='bbox 2542 2246 2600 2293; x_wconf 90' lang='lat' dir='ltr'>ab</span> 
     </span>
     <span class='ocr_line' id='line_1_28' title="bbox 196 2324 2599 2395; baseline 0 -21"><span class='ocrx_word' id='word_1_294' title='bbox 196 2326 308 2375; x_wconf 87' lang='lat' dir='ltr'>urbe</span> <span class='ocrx_word' id='word_1_295' title='bbox 344 2326 586 2394; x_wconf 87' lang='lat' dir='ltr'>propulsat</span> <span class='ocrx_word' id='word_1_296' title='bbox 622 2328 997 2390; x_wconf 76' lang='grc' dir='ltr'>(ἐρυσύττολις,</span> <span class='ocrx_word' id='word_1_297' title='bbox 1033 2324 1357 2393; x_wconf 61' lang='lat' dir='ltr'>(judam-0219).</span> <span class='ocrx_word' id='word_1_298' title='bbox 1429 2328 1650 2395; x_wconf 89' lang='lat' dir='ltr'>Princeps</span> <span class='ocrx_word' id='word_1_299' title='bbox 1692 2341 1845 2376; x_wconf 87' lang='lat' dir='ltr'>autem</span> <span class='ocrx_word' id='word_1_300' title='bbox 1882 2340 1928 2375; x_wconf 91' lang='lat' dir='ltr'>et</span> <span class='ocrx_word' id='word_1_301' title='bbox 1962 2329 2126 2394; x_wconf 83' lang='lat' dir='ltr'>regina</span> <span class='ocrx_word' id='word_1_302' title='bbox 2162 2329 2329 2376; x_wconf 84' lang='lat' dir='ltr'>harum</span> <span class='ocrx_word' id='word_1_303' title='bbox 2373 2328 2599 2376; x_wconf 80' lang='lat' dir='ltr'>virtutum</span> 
     </span>
     <span class='ocr_line' id='line_1_29' title="bbox 194 2407 1834 2475; baseline 0.002 -21"><span class='ocrx_word' id='word_1_304' title='bbox 194 2407 274 2455; x_wconf 90' lang='lat' dir='ltr'>illa</span> <span class='ocrx_word' id='word_1_305' title='bbox 306 2419 376 2455; x_wconf 91' lang='lat' dir='ltr'>est</span> <span class='ocrx_word' id='word_1_306' title='bbox 410 2408 653 2475; x_wconf 84' lang='lat' dir='ltr'>sapientia,</span> <span class='ocrx_word' id='word_1_307' title='bbox 690 2425 808 2474; x_wconf 89' lang='lat' dir='ltr'>quae</span> <span class='ocrx_word' id='word_1_308' title='bbox 843 2407 980 2455; x_wconf 88' lang='lat' dir='ltr'>etiam</span> <span class='ocrx_word' id='word_1_309' title='bbox 1020 2408 1273 2455; x_wconf 75' lang='lat' dir='ltr'>certamina</span> <span class='ocrx_word' id='word_1_310' title='bbox 1309 2425 1363 2456; x_wconf 88' lang='lat' dir='ltr'>ac</span> <span class='ocrx_word' id='word_1_311' title='bbox 1397 2408 1514 2456; x_wconf 87' lang='lat' dir='ltr'>bella</span> <span class='ocrx_word' id='word_1_312' title='bbox 1549 2408 1834 2458; x_wconf 88' lang='lat' dir='ltr'>moderatur.</span> 
     </span>
    </p>

    <p class='ocr_par' dir='ltr' id='par_1_6' title="bbox 192 2488 2601 2879">
     <span class='ocr_line' id='line_1_30' title="bbox 397 2488 2601 2556; baseline -0 -20"><span class='ocrx_word' id='word_1_313' title='bbox 397 2488 599 2537; x_wconf 88' lang='lat' dir='ltr'>Videtur</span> <span class='ocrx_word' id='word_1_314' title='bbox 633 2488 721 2536; x_wconf 88' lang='lat' dir='ltr'>hoc</span> <span class='ocrx_word' id='word_1_315' title='bbox 746 2488 948 2554; x_wconf 85' lang='lat' dir='ltr'>imagine</span> <span class='ocrx_word' id='word_1_316' title='bbox 973 2488 1084 2536; x_wconf 90' lang='lat' dir='ltr'>deae</span> <span class='ocrx_word' id='word_1_317' title='bbox 1109 2489 1233 2556; x_wconf 88' lang='lat' dir='ltr'>apud</span> <span class='ocrx_word' id='word_1_318' title='bbox 1255 2489 1491 2537; x_wconf 88' lang='lat' dir='ltr'>Millinum</span> <span class='ocrx_word' id='word_1_319' title='bbox 1523 2490 1808 2551; x_wconf 59' lang='lat' dir='ltr'>XXXVII„</span> <span class='ocrx_word' id='word_1_320' title='bbox 1832 2489 1944 2537; x_wconf 88' lang='lat'>137.</span> <span class='ocrx_word' id='word_1_321' title='bbox 1970 2490 2246 2556; x_wconf 80' lang='lat' dir='ltr'>significari,</span> <span class='ocrx_word' id='word_1_322' title='bbox 2271 2490 2350 2539; x_wconf 89' lang='lat' dir='ltr'>ubi</span> <span class='ocrx_word' id='word_1_323' title='bbox 2386 2490 2601 2537; x_wconf 82' lang='lat' dir='ltr'>Minerva</span> 
     </span>
     <span class='ocr_line' id='line_1_31' title="bbox 194 2569 2600 2637; baseline -0 -21"><span class='ocrx_word' id='word_1_324' title='bbox 194 2582 346 2617; x_wconf 87' lang='lat' dir='ltr'>erecto</span> <span class='ocrx_word' id='word_1_325' title='bbox 383 2588 577 2636; x_wconf 89' lang='lat' dir='ltr'>corpore</span> <span class='ocrx_word' id='word_1_326' title='bbox 613 2569 820 2617; x_wconf 84' lang='lat' dir='ltr'>dextram</span> <span class='ocrx_word' id='word_1_327' title='bbox 871 2588 1059 2616; x_wconf 90' lang='lat' dir='ltr'>manum</span> <span class='ocrx_word' id='word_1_328' title='bbox 1109 2570 1355 2632; x_wconf 87' lang='lat' dir='ltr'>attollens,</span> <span class='ocrx_word' id='word_1_329' title='bbox 1392 2571 1578 2618; x_wconf 87' lang='lat' dir='ltr'>sinistra</span> <span class='ocrx_word' id='word_1_330' title='bbox 1613 2571 1759 2618; x_wconf 87' lang='lat' dir='ltr'>facem</span> <span class='ocrx_word' id='word_1_331' title='bbox 1797 2570 1907 2618; x_wconf 90' lang='lat' dir='ltr'>belli</span> <span class='ocrx_word' id='word_1_332' title='bbox 1943 2572 1992 2618; x_wconf 91' lang='lat' dir='ltr'>in</span> <span class='ocrx_word' id='word_1_333' title='bbox 2029 2590 2111 2619; x_wconf 86' lang='lat' dir='ltr'>ara</span> <span class='ocrx_word' id='word_1_334' title='bbox 2145 2571 2445 2637; x_wconf 82' lang='lat' dir='ltr'>exstinguens</span> <span class='ocrx_word' id='word_1_335' title='bbox 2484 2569 2600 2616; x_wconf 91' lang='lat' dir='ltr'>desi·</span> 
     </span>
     <span class='ocr_line' id='line_1_32' title="bbox 194 2649 2597 2717; baseline -0 -19"><span class='ocrx_word' id='word_1_336' title='bbox 194 2663 336 2717; x_wconf 86' lang='lat' dir='ltr'>gnata</span> <span class='ocrx_word' id='word_1_337' title='bbox 389 2662 474 2699; x_wconf 89' lang='lat' dir='ltr'>est.</span> <span class='ocrx_word' id='word_1_338' title='bbox 559 2650 737 2699; x_wconf 73' lang='lat' dir='ltr'>ibidem</span> <span class='ocrx_word' id='word_1_339' title='bbox 783 2671 861 2700; x_wconf 90' lang='lat' dir='ltr'>no.</span> <span class='ocrx_word' id='word_1_340' title='bbox 919 2649 1032 2698; x_wconf 81' lang='grc'><strong>127.</strong></span> <span class='ocrx_word' id='word_1_341' title='bbox 1090 2651 1137 2698; x_wconf 88' lang='lat' dir='ltr'>in</span> <span class='ocrx_word' id='word_1_342' title='bbox 1191 2664 1347 2699; x_wconf 90' lang='lat' dir='ltr'>vetere</span> <span class='ocrx_word' id='word_1_343' title='bbox 1399 2671 1589 2699; x_wconf 91' lang='lat' dir='ltr'>nummo</span> <span class='ocrx_word' id='word_1_344' title='bbox 1641 2653 1800 2700; x_wconf 84' lang='lat' dir='ltr'>Attico</span> <span class='ocrx_word' id='word_1_345' title='bbox 1853 2651 1968 2713; x_wconf 91' lang='lat' dir='ltr'>dea,</span> <span class='ocrx_word' id='word_1_346' title='bbox 2024 2654 2098 2701; x_wconf 91' lang='lat' dir='ltr'>cui</span> <span class='ocrx_word' id='word_1_347' title='bbox 2145 2652 2269 2699; x_wconf 88' lang='lat' dir='ltr'>oliva</span> <span class='ocrx_word' id='word_1_348' title='bbox 2311 2651 2467 2699; x_wconf 86' lang='lat' dir='ltr'>addita</span> <span class='ocrx_word' id='word_1_349' title='bbox 2512 2662 2597 2710; x_wconf 87' lang='lat' dir='ltr'>est,</span> 
     </span>
     <span class='ocr_line' id='line_1_33' title="bbox 195 2732 2596 2798; baseline 0 -21"><span class='ocrx_word' id='word_1_350' title='bbox 195 2750 300 2779; x_wconf 89' lang='lat' dir='ltr'>cum</span> <span class='ocrx_word' id='word_1_351' title='bbox 335 2732 566 2797; x_wconf 76' lang='lat' dir='ltr'>‘Neptuno</span> <span class='ocrx_word' id='word_1_352' title='bbox 619 2732 884 2792; x_wconf 88' lang='lat' dir='ltr'>contendit,</span> <span class='ocrx_word' id='word_1_353' title='bbox 938 2745 1042 2778; x_wconf 85' lang='lat' dir='ltr'>uter</span> <span class='ocrx_word' id='word_1_354' title='bbox 1095 2733 1198 2780; x_wconf 88' lang='lat' dir='ltr'>urbi</span> <span class='ocrx_word' id='word_1_355' title='bbox 1253 2733 1391 2780; x_wconf 88' lang='lat' dir='ltr'>modo</span> <span class='ocrx_word' id='word_1_356' title='bbox 1444 2732 1653 2780; x_wconf 89' lang='lat' dir='ltr'>conditae</span> <span class='ocrx_word' id='word_1_357' title='bbox 1706 2752 1875 2780; x_wconf 91' lang='lat' dir='ltr'>nomen</span> <span class='ocrx_word' id='word_1_358' title='bbox 1931 2734 2124 2781; x_wconf 90' lang='lat' dir='ltr'>daturus</span> <span class='ocrx_word' id='word_1_359' title='bbox 2177 2735 2252 2780; x_wconf 86' lang='lat' dir='ltr'>sit.</span> <span class='ocrx_word' id='word_1_360' title='bbox 2337 2733 2407 2779; x_wconf 89' lang='lat' dir='ltr'>lbi</span> <span class='ocrx_word' id='word_1_361' title='bbox 2455 2750 2596 2798; x_wconf 91' lang='lat' dir='ltr'>quum</span> 
     </span>
     <span class='ocr_line' id='line_1_34' title="bbox 192 2808 2598 2879; baseline -0 -22"><span class='ocrx_word' id='word_1_362' title='bbox 192 2810 442 2878; x_wconf 89' lang='lat' dir='ltr'>Neptunus</span> <span class='ocrx_word' id='word_1_363' title='bbox 478 2830 689 2878; x_wconf 88' lang='lat' dir='ltr'>equum,</span> <span class='ocrx_word' id='word_1_364' title='bbox 741 2813 913 2860; x_wconf 89' lang='lat' dir='ltr'>olivam</span> <span class='ocrx_word' id='word_1_365' title='bbox 961 2812 1175 2860; x_wconf 87' lang='lat' dir='ltr'>Minerva</span> <span class='ocrx_word' id='word_1_366' title='bbox 1216 2825 1528 2879; x_wconf 87' lang='lat' dir='ltr'>procreasset,</span> <span class='ocrx_word' id='word_1_367' title='bbox 1575 2808 1856 2864; x_wconf 75' lang='grc' dir='ltr'><em>Ποσειδῶν</em></span> <span class='ocrx_word' id='word_1_368' title='bbox 1885 2814 2104 2874; x_wconf 76' lang='grc' dir='ltr'><strong><em>Ἵππιος</em></strong></span> <span class='ocrx_word' id='word_1_369' title='bbox 2148 2833 2203 2861; x_wconf 86' lang='lat' dir='ltr'>ex</span> <span class='ocrx_word' id='word_1_370' title='bbox 2249 2832 2304 2861; x_wconf 93' lang='lat' dir='ltr'>eo</span> <span class='ocrx_word' id='word_1_371' title='bbox 2350 2811 2598 2859; x_wconf 84' lang='lat' dir='ltr'>certamine</span> 
     </span>
    </p>
   </div>
   <div class='ocr_carea' id='block_1_3' title="bbox 397 3016 2601 3355">
    <p class='ocr_par' dir='ltr' id='par_1_7' title="bbox 402 3016 1377 3064">
     <span class='ocr_line' id='line_1_35' title="bbox 402 3016 1377 3064; baseline 0.003 -14"><span class='ocrx_word' id='word_1_372' title='bbox 402 3016 428 3061; x_wconf 87' lang='lat'>¹)</span> <span class='ocrx_word' id='word_1_373' title='bbox 456 3016 525 3051; x_wconf 79' lang='lat' dir='ltr'>Cfr.</span> <span class='ocrx_word' id='word_1_374' title='bbox 550 3018 681 3051; x_wconf 84' lang='lat' dir='ltr'>Preller</span> <span class='ocrx_word' id='word_1_375' title='bbox 703 3019 738 3052; x_wconf 91' lang='lat' dir='ltr'>in</span> <span class='ocrx_word' id='word_1_376' title='bbox 761 3019 894 3064; x_wconf 81' lang='lat' dir='ltr'>„Myth.</span> <span class='ocrx_word' id='word_1_377' title='bbox 918 3022 994 3063; x_wconf 81' lang='lat' dir='ltr'>gr.“</span> <span class='ocrx_word' id='word_1_378' title='bbox 1017 3024 1041 3051; x_wconf 84' lang='lat' dir='ltr'>t.</span> <span class='ocrx_word' id='word_1_379' title='bbox 1066 3018 1125 3060; x_wconf 89' lang='lat' dir='ltr'>IL,</span> <span class='ocrx_word' id='word_1_380' title='bbox 1148 3021 1261 3063; x_wconf 82' lang='lat' dir='ltr'>p.284.</span> <span class='ocrx_word' id='word_1_381' title='bbox 1286 3021 1377 3053; x_wconf 88' lang='lat' dir='ltr'>med.</span> 
     </span>
    </p>

    <p class='ocr_par' dir='ltr' id='par_1_8' title="bbox 398 3070 2388 3123">
     <span class='ocr_line' id='line_1_36' title="bbox 398 3070 2388 3123; baseline -0.001 -14"><span class='ocrx_word' id='word_1_382' title='bbox 398 3077 429 3119; x_wconf 80' lang='lat'>²)</span> <span class='ocrx_word' id='word_1_383' title='bbox 455 3075 524 3109; x_wconf 72' lang='lat' dir='ltr'>ctr.</span> <span class='ocrx_word' id='word_1_384' title='bbox 549 3077 577 3108; x_wconf 94' lang='lat'>1.</span> <span class='ocrx_word' id='word_1_385' title='bbox 603 3077 643 3109; x_wconf 77' lang='lat' dir='ltr'>F.</span> <span class='ocrx_word' id='word_1_386' title='bbox 667 3077 782 3110; x_wconf 81' lang='lat' dir='ltr'>Lauer</span> <span class='ocrx_word' id='word_1_387' title='bbox 806 3077 955 3118; x_wconf 66' lang='lat' dir='ltr'>„Gesch</span> <span class='ocrx_word' id='word_1_388' title='bbox 981 3079 1013 3111; x_wconf 87' lang='lat' dir='ltr'>d.</span> <span class='ocrx_word' id='word_1_389' title='bbox 1037 3078 1130 3110; x_wconf 89' lang='lat' dir='ltr'>hom.</span> <span class='ocrx_word' id='word_1_390' title='bbox 1155 3077 1293 3119; x_wconf 77' lang='lat' dir='ltr'>Poes.“‚</span> <span class='ocrx_word' id='word_1_391' title='bbox 1318 3089 1351 3123; x_wconf 86' lang='lat' dir='ltr'>p.</span> <span class='ocrx_word' id='word_1_392' title='bbox 1377 3080 1565 3111; x_wconf 77' lang='lat'>247-292.</span> <span class='ocrx_word' id='word_1_393' title='bbox 1613 3070 1679 3112; x_wconf 70' lang='lat' dir='ltr'>od}</span> <span class='ocrx_word' id='word_1_394' title='bbox 1703 3079 1819 3121; x_wconf 66' lang='lat' dir='ltr'>xm„</span> <span class='ocrx_word' id='word_1_395' title='bbox 1844 3081 1919 3112; x_wconf 82' lang='lat'>297.</span> <span class='ocrx_word' id='word_1_396' title='bbox 1945 3089 2019 3122; x_wconf 87' lang='lat' dir='ltr'>sqq.</span> <span class='ocrx_word' id='word_1_397' title='bbox 2067 3078 2156 3112; x_wconf 82' lang='lat'>0011.</span> <span class='ocrx_word' id='word_1_398' title='bbox 2181 3077 2223 3110; x_wconf 81' lang='lat'>11.</span> <span class='ocrx_word' id='word_1_399' title='bbox 2248 3077 2289 3117; x_wconf 88' lang='lat'>1.‚</span> <span class='ocrx_word' id='word_1_400' title='bbox 2316 3080 2388 3109; x_wconf 78' lang='lat'>194.</span> 
     </span>
    </p>

    <p class='ocr_par' dir='ltr' id='par_1_9' title="bbox 397 3135 941 3180">
     <span class='ocr_line' id='line_1_37' title="bbox 397 3135 941 3180; baseline 0 -11"><span class='ocrx_word' id='word_1_401' title='bbox 397 3136 428 3179; x_wconf 77' lang='lat'>³)</span> <span class='ocrx_word' id='word_1_402' title='bbox 454 3135 523 3169; x_wconf 79' lang='lat' dir='ltr'>Cfr.</span> <span class='ocrx_word' id='word_1_403' title='bbox 547 3136 723 3180; x_wconf 70' lang='lat' dir='ltr'>Aristoph.</span> <span class='ocrx_word' id='word_1_404' title='bbox 747 3136 838 3179; x_wconf 86' lang='lat' dir='ltr'>qu.</span> <span class='ocrx_word' id='word_1_405' title='bbox 864 3139 941 3169; x_wconf 84' lang='lat'>581.</span> 
     </span>
    </p>

    <p class='ocr_par' dir='ltr' id='par_1_10' title="bbox 398 3193 1548 3237">
     <span class='ocr_line' id='line_1_38' title="bbox 398 3193 1548 3237; baseline 0.003 -11"><span class='ocrx_word' id='word_1_406' title='bbox 398 3193 429 3237; x_wconf 82' lang='lat'>⁴)</span> <span class='ocrx_word' id='word_1_407' title='bbox 452 3193 555 3227; x_wconf 72' lang='lat' dir='ltr'>Paua.</span> <span class='ocrx_word' id='word_1_408' title='bbox 580 3194 622 3234; x_wconf 92' lang='lat'>1.‚</span> <span class='ocrx_word' id='word_1_409' title='bbox 647 3197 713 3235; x_wconf 72' lang='lat'>23„</span> <span class='ocrx_word' id='word_1_410' title='bbox 738 3197 770 3227; x_wconf 88' lang='grc'>5.</span> <span class='ocrx_word' id='word_1_411' title='bbox 817 3194 908 3227; x_wconf 79' lang='lat' dir='ltr'>Plut.</span> <span class='ocrx_word' id='word_1_412' title='bbox 932 3195 1054 3228; x_wconf 86' lang='lat' dir='ltr'>Pericl.</span> <span class='ocrx_word' id='word_1_413' title='bbox 1083 3198 1134 3227; x_wconf 87' lang='grc'>13.</span> <span class='ocrx_word' id='word_1_414' title='bbox 1544 3227 1548 3230; x_wconf 90' lang='grc'><strong>.</strong></span> 
     </span>
    </p>

    <p class='ocr_par' dir='ltr' id='par_1_11' title="bbox 398 3251 1941 3299">
     <span class='ocr_line' id='line_1_39' title="bbox 398 3251 1941 3299; baseline 0.001 -14"><span class='ocrx_word' id='word_1_415' title='bbox 398 3251 428 3295; x_wconf 80' lang='lat'>⁵)</span> <span class='ocrx_word' id='word_1_416' title='bbox 452 3251 591 3285; x_wconf 79' lang='lat' dir='ltr'>Hesiod.</span> <span class='ocrx_word' id='word_1_417' title='bbox 616 3257 701 3285; x_wconf 79' lang='lat' dir='ltr'>scut.</span> <span class='ocrx_word' id='word_1_418' title='bbox 725 3251 827 3285; x_wconf 84' lang='lat' dir='ltr'>Herc.</span> <span class='ocrx_word' id='word_1_419' title='bbox 852 3256 929 3285; x_wconf 82' lang='lat'>839.</span> <span class='ocrx_word' id='word_1_420' title='bbox 977 3252 1064 3286; x_wconf 89' lang='lat' dir='ltr'>Coll.</span> <span class='ocrx_word' id='word_1_421' title='bbox 1089 3252 1195 3296; x_wconf 85' lang='lat' dir='ltr'>Soph.</span> <span class='ocrx_word' id='word_1_422' title='bbox 1220 3253 1367 3287; x_wconf 82' lang='lat' dir='ltr'>Philoct.</span> <span class='ocrx_word' id='word_1_423' title='bbox 1396 3257 1468 3286; x_wconf 81' lang='lat'>134.</span> <span class='ocrx_word' id='word_1_424' title='bbox 1492 3258 1526 3285; x_wconf 84' lang='lat' dir='ltr'>et</span> <span class='ocrx_word' id='word_1_425' title='bbox 1548 3253 1725 3299; x_wconf 78' lang='lat' dir='ltr'>Aristoph.</span> <span class='ocrx_word' id='word_1_426' title='bbox 1750 3255 1838 3298; x_wconf 88' lang='lat' dir='ltr'>qu.</span> <span class='ocrx_word' id='word_1_427' title='bbox 1864 3256 1941 3286; x_wconf 82' lang='lat'>581.</span> 
     </span>
    </p>

    <p class='ocr_par' dir='ltr' id='par_1_12' title="bbox 397 3309 2601 3355">
     <span class='ocr_line' id='line_1_40' title="bbox 397 3309 2601 3355; baseline 0 -14"><span class='ocrx_word' id='word_1_428' title='bbox 397 3309 428 3352; x_wconf 78' lang='lat'>⁶)</span> <span class='ocrx_word' id='word_1_429' title='bbox 453 3310 494 3342; x_wconf 88' lang='lat'>11.</span> <span class='ocrx_word' id='word_1_430' title='bbox 512 3309 570 3349; x_wconf 86' lang='lat' dir='ltr'>V.‚</span> <span class='ocrx_word' id='word_1_431' title='bbox 589 3311 685 3349; x_wconf 84' lang='lat'>735.;</span> <span class='ocrx_word' id='word_1_432' title='bbox 704 3309 782 3349; x_wconf 67' lang='lat' dir='ltr'>IX..</span> <span class='ocrx_word' id='word_1_433' title='bbox 796 3312 892 3349; x_wconf 80' lang='lat'>390.;</span> <span class='ocrx_word' id='word_1_434' title='bbox 911 3309 1023 3350; x_wconf 72' lang='lat' dir='ltr'>XIV„</span> <span class='ocrx_word' id='word_1_435' title='bbox 1042 3312 1136 3350; x_wconf 78' lang='lat'>178.;</span> <span class='ocrx_word' id='word_1_436' title='bbox 1161 3309 1227 3343; x_wconf 83' lang='lat' dir='ltr'>Od.</span> <span class='ocrx_word' id='word_1_437' title='bbox 1245 3311 1322 3352; x_wconf 88' lang='lat' dir='ltr'>V1.‚</span> <span class='ocrx_word' id='word_1_438' title='bbox 1339 3314 1435 3352; x_wconf 84' lang='lat'>232.;</span> <span class='ocrx_word' id='word_1_439' title='bbox 1458 3310 1553 3351; x_wconf 86' lang='lat' dir='ltr'>VIL,</span> <span class='ocrx_word' id='word_1_440' title='bbox 1573 3315 1669 3353; x_wconf 84' lang='lat'>110.;</span> <span class='ocrx_word' id='word_1_441' title='bbox 1692 3312 1786 3353; x_wconf 87' lang='lat' dir='ltr'>XX.‚</span> <span class='ocrx_word' id='word_1_442' title='bbox 1811 3315 1865 3344; x_wconf 85' lang='grc'>66.</span> <span class='ocrx_word' id='word_1_443' title='bbox 1885 3322 1981 3355; x_wconf 78' lang='lat' dir='ltr'>sqq.;</span> <span class='ocrx_word' id='word_1_444' title='bbox 2006 3312 2156 3354; x_wconf 67' lang='lat' dir='ltr'>xxm„</span> <span class='ocrx_word' id='word_1_445' title='bbox 2179 3316 2272 3354; x_wconf 82' lang='lat'>159.;</span> <span class='ocrx_word' id='word_1_446' title='bbox 2294 3311 2419 3355; x_wconf 81' lang='lat' dir='ltr'>Hymn.</span> <span class='ocrx_word' id='word_1_447' title='bbox 2442 3310 2531 3342; x_wconf 83' lang='lat' dir='ltr'>Ven.</span> <span class='ocrx_word' id='word_1_448' title='bbox 2549 3313 2601 3341; x_wconf 80' lang='lat'>12.</span> 
     </span>
    </p>
   </div>
  </div>
 </body>
</html>
