2928 3733
1463 188 1808 235 -24—

418 337 553 367 veras
578 339 736 368 rerum
773 338 937 367 causas
975 321 1188 388 indagari
1215 322 1534 369 dictitantibus
1548 322 1600 389 ¹),
1639 335 1794 372 tamen
1821 324 2212 392 prudentissimus
2236 325 2434 393 quisque
2476 324 2600 372 haud
2638 325 2854 373 inutilem

418 422 582 452 eorum
619 421 720 451 esse
756 420 947 469 operam
985 402 1244 470 intelliget,
1291 406 1370 472 qui
1407 413 1636 472 quantum
1672 417 1852 453 veteres
1896 405 1942 451 in
1969 405 2119 453 'rebus
2155 404 2327 452 divinis
2373 405 2714 471 cognoscendis
2751 425 2853 475 per-

423 484 634 540 fecerint,
672 483 915 549 explorare
953 496 1197 532 conentur.
1274 486 1343 532 lta
1378 485 1502 532 enim
1543 504 1636 533 non
1673 486 1825 533 solum
1853 485 2176 552 perspicietur,
2212 485 2385 533 veritas
2420 503 2448 533 a
2483 485 2570 533 deo
2606 487 2708 552 ipsa
2744 504 2852 534 cum

421 564 692 612 bominibus
728 564 1073 612 communicata
1109 565 1345 631 quomodo
1384 565 1625 613 hominum
1664 566 1901 614 erroribus
1937 583 1992 613 ac
2035 565 2163 614 vitiis
2212 565 2434 632 paulatim
2485 565 2737 633 depravata
2773 567 2851 626 sit,

420 646 500 692 sed
537 646 699 706 etiam,
736 646 817 712 qui
857 645 1079 712 pristinae
1116 648 1303 693 virtutis
1342 645 1555 712 igniculi,
1592 659 1802 714 quaeque
1839 646 2045 693 sincerae
2081 647 2365 713 cognitionis
2408 647 2590 694 semina
2627 647 2675 694 in
2722 659 2853 695 vetu-

419 728 639 774 stissimis
677 726 960 793 populorum
999 728 1225 775 institutis
1262 726 1536 791 eluceant2).
1613 729 1730 775 Eius
1767 728 2048 793 cognitionis
2084 728 2291 793 origines
2328 746 2381 774 ac
2420 728 2572 776 fontes
2608 729 2688 794 qui
2726 729 2853 776 volet

420 809 724 874 investigare,
761 809 803 856 ei
842 818 1005 875 poetae
1043 809 1274 874 imprimis
1310 808 1508 856 adeundi
1554 821 1690 871 sunt,
1735 826 1935 876 quorum
1983 808 2154 856 fabulis
2200 810 2355 856 omnis
2402 811 2661 877 priscorum
2701 809 2851 874 bomi-

424 907 537 938 num
575 889 805 957 sapientia
840 891 1121 937 continetur.

627 969 792 1033 Quum
831 971 977 1037 igitur
1012 970 1270 1029 Minervae,
1308 971 1492 1038 qualem
1531 971 1770 1018 Homerus
1805 970 1966 1030 finxit,
2005 979 2219 1018 naturam
2264 981 2403 1038 atque
2440 971 2646 1018 indolem
2694 971 2852 1039 exqui-

423 1069 525 1098 rere
563 1052 677 1099 mihi
714 1069 1043 1119 proponerem,
1083 1053 1287 1118 primum
1326 1053 1412 1099 hoc
1448 1052 1740 1119 spectabam,
1779 1061 1834 1097 ut
1874 1052 2078 1098 nominis
2123 1052 2352 1098 rationem
2399 1050 2653 1117 diligenter
2695 1052 2853 1119 explo-

424 1150 595 1191 rarem,
632 1150 903 1199 veramque,
940 1150 1058 1200 quae
1096 1132 1164 1180 illi
1201 1133 1428 1194 subesset,
1467 1134 1704 1181 notionem
1744 1131 2102 1198 investigarem,
2139 1131 2332 1193 deinde,
2369 1143 2422 1180 ut
2459 1131 2642 1180 fabulas
2678 1131 2745 1180 de
2773 1132 2852 1180 illa

421 1213 508 1261 dea
555 1214 613 1261 ab
660 1214 873 1262 Homero
926 1213 1090 1262 allatas
1148 1215 1461 1262 examinarem
1517 1225 1656 1282 atque
1703 1215 1931 1261 internam
1991 1213 2102 1262 deae
2134 1225 2377 1262 ‘naturam
2431 1214 2625 1281 eiusque
2671 1213 2850 1262 cultum

423 1295 727 1342 illustrarem.
803 1294 927 1342 lllud
964 1296 1152 1362 quidem
1191 1307 1417 1362 quantum
1456 1295 1596 1343 huius
1634 1295 1776 1342 libelli
1813 1295 2057 1360 angustiae
2106 1296 2347 1354 sinebant,
2385 1295 2615 1362 explicare
2653 1306 2848 1342 conatus

421 1393 557 1434 sum,
605 1394 697 1423 non
734 1393 828 1443 quo
866 1393 940 1423 me
978 1387 1132 1443 partes
1169 1394 1331 1433 omnes
1380 1376 1446 1422 rei
1494 1375 1697 1423 difficilis
1744 1375 1941 1422 feliciter
1976 1387 2272 1442 persecutum
2316 1393 2417 1423 esse
2464 1375 2680 1437 credam,
2725 1375 2851 1443 quod

422 1457 677 1523 singularis
724 1456 980 1504 industriae
1026 1469 1073 1504 et
1117 1458 1331 1504 acerrimi
1381 1456 1521 1503 studii
1572 1469 1667 1516 est,
1717 1468 1764 1502 ut
1809 1455 1924 1502 illud
1971 1468 2095 1504 certe
2141 1456 2350 1504 effecisse
2399 1456 2512 1503 mihi
2561 1455 2752 1516 videor,
2800 1467 2852 1503 ut

424 1538 594 1606 ineptis
631 1550 677 1586 et
713 1539 901 1587 incertis
938 1539 1399 1606 interpretationibus
1437 1538 1651 1586 refutatis
1688 1537 1744 1585 ad
1780 1555 1937 1585 veram
1964 1537 2168 1585 nominis
2205 1537 2442 1585 notionem
2470 1537 2663 1605 propius
2699 1555 2850 1586 acces-

423 1620 582 1667 serim.
657 1620 765 1667 Non
803 1621 928 1667 enim
966 1631 1183 1687 prompta
1219 1631 1263 1666 et
1300 1631 1458 1686 parata
1496 1620 1541 1666 in
1581 1620 1652 1666 his
1690 1619 1827 1666 rebus
1862 1618 2032 1665 veritas
2069 1629 2155 1679 est,
2193 1617 2274 1665 sed
2306 1629 2379 1665 tot
2414 1629 2603 1686 tamque
2640 1619 2850 1667 obscuris

424 1701 665 1748 erroribus
698 1701 964 1767 implicata,
1014 1713 1066 1747 ut
1115 1702 1320 1766 ipsorum
1372 1718 1508 1766 saepe
1557 1700 1931 1747 doctissimorum
1980 1699 2191 1746 virorum
2238 1717 2435 1746 acumen
2486 1699 2719 1747 fefellerit.
2795 1701 2849 1746 ln

423 1780 585 1828 eadem
623 1782 897 1847 quaestione
934 1781 1161 1848 quaedam
1199 1781 1254 1828 de
1292 1781 1390 1846 ipsa
1426 1779 1538 1827 deae
1578 1792 1743 1827 natura
1778 1780 1969 1845 eiusque
2006 1778 2135 1826 cultu
2160 1779 2422 1840 attulimus,
2463 1798 2581 1846 quae
2606 1779 2699 1828 alio
2735 1791 2850 1828 tem-

398 1866 554 1928 pore,
592 1862 630 1908 si
670 1861 785 1910 deus
809 1862 954 1921 volet,
992 1862 1225 1929 copiosius
1260 1860 1616 1907 illustrabimus.

629 2045 657 2086 ¹)
689 2043 760 2078 Cfr.
787 2055 875 2088 quae
899 2043 940 2078 C.
965 2043 1022 2077 W.
1049 2044 1184 2087 Krflger
1208 2043 1360 2078 Gramm.
1385 2054 1435 2086 gr.
1461 2054 1494 2086 p.
1520 2045 1599 2075 354.
1625 2043 1714 2076 med.
1744 2041 1953 2086 subscripsit:
1987 2040 2089 2083 „Wie
2112 2041 2178 2076 viel
2201 2041 2475 2076 verdienstlicher
2505 2046 2594 2077 ware
2624 2052 2660 2077 es
2683 2052 2849 2087 gewesen,

697 2101 772 2134 Zeit
795 2102 865 2134 und
889 2100 1011 2134 Krane
1035 2101 1097 2135 auf
1116 2102 1191 2134 eine
1214 2100 1330 2133 solche
1356 2099 1478 2132 Arbeit
1501 2109 1543 2131 zu
1566 2100 1787 2132 verwenden.
1820 2099 1870 2131 als
1893 2100 1942 2132 sie
1965 2109 2010 2132 an
2033 2098 2305 2142 mythologische
2328 2100 2398 2132 und
2422 2100 2649 2133 aesthetische
2673 2100 2851 2134 Faseleien

695 2171 736 2191 zu
760 2161 966 2202 vei-genden,
991 2160 1056 2192 die.
1083 2161 1144 2191 wie
1168 2160 1347 2201 prunkvoll
1371 2160 1492 2190 immer
1516 2169 1576 2188 zur
1600 2157 1717 2189 Schau
1740 2159 1882 2200 gestent,
1907 2159 1996 2188 doch
2020 2159 2055 2189 in
2079 2158 2228 2189 Kurzem
2252 2157 2384 2199 spurios
2408 2158 2557 2190 verweht
2580 2160 2724 2191 werden.

626 2220 657 2259 ²)
692 2217 762 2250 Cfr.
790 2217 925 2250 Goethe
949 2217 1015 2250 Bd.
1040 2222 1093 2256 3.‚
1119 2230 1150 2260 p.
1175 2222 1227 2248 4.:

1176 2274 1229 2308 Im
1253 2274 1376 2308 Innern
1399 2273 1443 2308 ist
1466 2273 1521 2307 ein
1546 2271 1749 2307 Universum
1773 2272 1871 2311 auch,

1179 2332 1297 2368 Daher
1321 2333 1380 2367 der
1405 2332 1537 2367 Volker
1560 2331 1727 2367 loblicher
1751 2330 1941 2371 Gebrauch,

1177 2392 1266 2423 Dass
1286 2393 1452 2433 jeglicher
1475 2393 1536 2423 das
1561 2391 1675 2429 Beate,
1700 2399 1769 2421 was
1793 2399 1830 2421 er
1852 2390 1966 2427 kennt‚

1177 2450 1226 2481 Er
1246 2451 1339 2488 Gon,
1359 2451 1397 2491 ja
1420 2450 1537 2482 seinen
1562 2448 1646 2482 Gott
1669 2450 1826 2486 benenaz

1178 2507 1257 2540 Ihm
1282 2507 1431 2541 Himmel
1454 2507 1525 2541 und
1549 2506 1664 2541 Erden
1688 2505 1875 2550 fibergiebt‚

1178 2565 1244 2598 lhn
1269 2564 1425 2603 fun-huet,
1449 2566 1520 2598 und
1545 2575 1598 2598 wo
1622 2564 1771 2607 moglich
1796 2564 1887 2597 liebt.

1272 2882 1963 2915 deff——

1468 3047 1780 3089 Corrigenda:

1099 3116 1176 3149 pag.
1212 3109 1242 3138 5.
1268 3116 1352 3139 vers.
1382 3109 1433 3139 14.
1456 3106 1479 3138 l.
1505 3105 1600 3138 clara
1622 3114 1684 3147 pro
1708 3104 1814 3137 claro.

1130 3186 1151 3202 ‚‚
1201 3181 1241 3186 —-
1298 3187 1317 3201 ,‚
1381 3164 1431 3194 17.
1456 3163 1479 3195 l.
1505 3161 1729 3204 exstinguitur
1751 3171 1812 3205 pro
1841 3161 2060 3205 extinguitur.

1127 3244 1148 3258 ‚‚
1208 3223 1238 3251 7.
1294 3243 1314 3256 ,,
1376 3224 1427 3251 19.
1453 3221 1474 3251 l.
1500 3219 1681 3262 significari
1707 3229 1766 3260 pro
1791 3219 2013 3261 singnificare.

1125 3312 1146 3326 ,‚
1206 3291 1237 3319 8.
1294 3311 1314 3323 ,‚
1392 3290 1422 3318 7.
1448 3289 1469 3319 1.
1497 3273 1683 3314 ‘'s'dvaelvm
1712 3297 1772 3327 pro
1798 3274 2017 3315 ciffis-emim.

1125 3382 1145 3396 ,‚
1183 3361 1233 3388 10.
1290 3381 1310 3392 ‚.
1372 3359 1422 3387 14.
1447 3356 1469 3388 l.
1500 3341 1629 3386 istim
1648 3364 1709 3396 pro
1739 3342 1872 3392 ιδιᾶτκ.

1125 3450 1146 3465 ‚,
1183 3428 1232 3457 13.
1289 3449 1309 3464 „
1392 3428 1421 3456 2.
1448 3424 1470 3456 ι,
1501 3415 1677 3464 agdoni-m
1706 3431 1766 3466 pro
1797 3415 1982 3463 κςσιδαιιηιν.
